@article{cdfpaper,
      author         = "Aaltonen, T. and others",
      title          = "{Measurement of the $k_T$ Distribution of Particles in
                        Jets Produced in $p\bar{p}$ Collisions at
                        $\sqrt{s}=1.96$-TeV}",
      collaboration  = "CDF",
      journal        = "Phys. Rev. Lett.",
      volume         = "102",
      year           = "2009",
      pages          = "232002",
      doi            = "10.1103/PhysRevLett.102.232002",
      eprint         = "0811.2820",
      archivePrefix  = "arXiv",
      primaryClass   = "hep-ex",
      reportNumber   = "FERMILAB-PUB-08-525-E",
      SLACcitation   = "%%CITATION = ARXIV:0811.2820;%%"
}

@inproceedings{Brucken:2018rej,
      author         = "Brücken, Jens Erik and Hildén, Timo Eero",
      title          = "{The GEM QA Protocol of the ALICE TPC Upgrade Project}",
      booktitle      = "{5th International Conference on Micro Pattern Gas
                        Detectors (MPGD2017) Temple University, Philadelphia, USA,
                        May 22-26, 2017}",
      collaboration  = "ALICE TPC upgrade",
      year           = "2018",
      eprint         = "1811.07043",
      archivePrefix  = "arXiv",
      primaryClass   = "physics.ins-det",
      SLACcitation   = "%%CITATION = ARXIV:1811.07043;%%"
}

@article{Hilden:2014rba,
      author         = "Hildén, T. and Brücken, E. and Heino, J. and
                        Kalliokoski, M. and Karadzhinova, A. and Lauhakangas, R.
                        and Tuominen, E. and Turpeinen, R.",
      title          = "{Optical quality assurance of GEM foils}",
      journal        = "Nucl. Instrum. Meth.",
      volume         = "A770",
      year           = "2015",
      pages          = "113-122",
      doi            = "10.1016/j.nima.2014.10.015",
      eprint         = "1704.06691",
      archivePrefix  = "arXiv",
      primaryClass   = "physics.ins-det",
      SLACcitation   = "%%CITATION = ARXIV:1704.06691;%%"
}

@article{Adriani:2008zz,
      author         = "Adriani, O. and others",
      title          = "{The LHCf detector at the CERN Large Hadron Collider}",
      collaboration  = "LHCf",
      journal        = "JINST",
      volume         = "3",
      year           = "2008",
      pages          = "S08006",
      doi            = "10.1088/1748-0221/3/08/S08006",
      SLACcitation   = "%%CITATION = JINST,3,S08006;%%"
}

@article{MoEDAL:2016jlb,
      author         = "Acharya, B. and others",
      title          = "{Search for magnetic monopoles with the MoEDAL prototype
                        trapping detector in 8 TeV proton-proton collisions at the
                        LHC}",
      collaboration  = "MoEDAL",
      journal        = "JHEP",
      volume         = "08",
      year           = "2016",
      pages          = "067",
      doi            = "10.1007/JHEP08(2016)067",
      eprint         = "1604.06645",
      archivePrefix  = "arXiv",
      primaryClass   = "hep-ex",
      reportNumber   = "CERN-EP-2016-101",
      SLACcitation   = "%%CITATION = ARXIV:1604.06645;%%"
}

@phdthesis{MartonThesis,
  author = {Márton Vargyas},
  title = {Jet shape modification in Pb-Pb collisions at $\sqrt{s_\mathrm{NN}}=2.76\tev$ using two-particle correlations},
  school = {University of Jyväskylä},
  month = 11,
  year = 2018
}

@phdthesis{JiriThesis,
  author = {Jiří Král},
  title = {Intrinsic transverse momentum distribution of jet constituents in p-Pb collisions at ALICE},
  school = {University of Jyväskylä},
  month = 8,
  year = 2014
}


@article{KRAL2012261,
  title = "L0 trigger for the EMCal detector of the ALICE experiment",
  journal = "Nuclear Instruments and Methods in Physics Research Section A: Accelerators, Spectrometers, Detectors and Associated Equipment",
  volume = "693",
  pages = "261 - 267",
  year = "2012",
  issn = "0168-9002",
  doi = "https://doi.org/10.1016/j.nima.2012.06.065",
  url = "http://www.sciencedirect.com/science/article/pii/S0168900212007681",
  author = "Jiri Kral and Terry Awes and Hans Muller and Jan Rak and Joachim Schambach",
  keywords = "ALICE, Trigger, EMCal, Firmware, Calorimeter",
  abstract = "The ALICE experiment at the CERN Large Hadron Collider (LHC) accelerator was designed to study ultra-relativistic heavy-ion collisions. The ALICE Electromagnetic Calorimeter (EMCal) was built to provide measurement of photons, electrons, and jets, and trigger selection of hard-QCD events containing them. The EMCal single-shower L0 trigger, which triggers on large energy deposit within a 4×4 tower sliding window, became operational in 2010. The implementation of the real-time FPGA based algorithm optimized to provide a fast L0 decision is presented."
}

@article{Chatrchyan:2014gia,
  author         = "Chatrchyan, Serguei and others",
  title          = "{Measurement of the ratio of inclusive jet cross sections
    using the anti-$k_T$ algorithm with radius parameters
    R=0.5 and 0.7 in pp collisions at $\sqrt{s}=7$  TeV}",
collaboration  = "CMS",
journal        = "Phys. Rev.",
volume         = "D90",
year           = "2014",
number         = "7",
pages          = "072006",
doi            = "10.1103/PhysRevD.90.072006",
eprint         = "1406.0324",
archivePrefix  = "arXiv",
primaryClass   = "hep-ex",
reportNumber   = "CMS-SMP-13-002, CERN-PH-EP-2014-068",
SLACcitation   = "%%CITATION = ARXIV:1406.0324;%%"
}

@article{Dasgupta:2007wa,
  author         = "Dasgupta, Mrinal and Magnea, Lorenzo and Salam, Gavin P.",
  title          = "{Non-perturbative QCD effects in jets at hadron
    colliders}",
journal        = "JHEP",
volume         = "02",
year           = "2008",
pages          = "055",
doi            = "10.1088/1126-6708/2008/02/055",
eprint         = "0712.3014",
archivePrefix  = "arXiv",
primaryClass   = "hep-ph",
reportNumber   = "DFTT-27-2007, MAN-HEP-2007-41",
SLACcitation   = "%%CITATION = ARXIV:0712.3014;%%"
}


@article{ANDERSSON198331,
  title = "Parton fragmentation and string dynamics",
  journal = "Physics Reports",
  volume = "97",
  number = "2",
  pages = "31 - 145",
  year = "1983",
  issn = "0370-1573",
  doi = "https://doi.org/10.1016/0370-1573(83)90080-7",
  url = "http://www.sciencedirect.com/science/article/pii/0370157383900807",
  author = "B. Andersson and G. Gustafson and G. Ingelman and T. Sjöstrand"
}

@article{PhysRevD.34.794,
  title = {Studies of the hydrodynamic evolution of matter produced in fluctuations in p\ifmmode\bar\else\textasciimacron\fi{}p collisions and in ultrarelativistic nuclear collisions},
  author = {von Gersdorff, H. and McLerran, Larry and Kataja, M. and Ruuskanen, P. V.},
  journal = {Phys. Rev. D},
  volume = {34},
  issue = {3},
  pages = {794--810},
  numpages = {0},
  year = {1986},
  month = {Aug},
  publisher = {American Physical Society},
  doi = {10.1103/PhysRevD.34.794},
  url = {https://link.aps.org/doi/10.1103/PhysRevD.34.794}
}

@article{Sirunyan:2018qec,
      author         = "Sirunyan, Albert M and others",
      title          = "{Observation of Medium-Induced Modifications of Jet
                        Fragmentation in Pb-Pb Collisions at $\sqrt{s_{NN}}=$ 5.02
                         TeV Using Isolated Photon-Tagged Jets}",
      collaboration  = "CMS",
      journal        = "Phys. Rev. Lett.",
      volume         = "121",
      year           = "2018",
      number         = "24",
      pages          = "242301",
      doi            = "10.1103/PhysRevLett.121.242301",
      eprint         = "1801.04895",
      archivePrefix  = "arXiv",
      primaryClass   = "hep-ex",
      reportNumber   = "CMS-HIN-16-014, CERN-EP-2017-337",
      SLACcitation   = "%%CITATION = ARXIV:1801.04895;%%"
}

@article{Adam:2015ewa,
      author         = "Adam, Jaroslav and others",
      title          = "{Measurement of jet suppression in central Pb-Pb
                        collisions at $\sqrt{s_{\rm NN}}$ = 2.76 TeV}",
      collaboration  = "ALICE",
      journal        = "Phys. Lett.",
      volume         = "B746",
      year           = "2015",
      pages          = "1-14",
      doi            = "10.1016/j.physletb.2015.04.039",
      eprint         = "1502.01689",
      archivePrefix  = "arXiv",
      primaryClass   = "nucl-ex",
      reportNumber   = "CERN-PH-EP-2015-023",
      SLACcitation   = "%%CITATION = ARXIV:1502.01689;%%"
}

@article{Adare:2012qi,
      author         = "Adare, A. and others",
      title          = "{Medium modification of jet fragmentation in Au + Au
                        collisions at $\sqrt{s_{NN}}= 200$ GeV measured in direct
                        photon-hadron correlations}",
      collaboration  = "PHENIX",
      journal        = "Phys. Rev. Lett.",
      volume         = "111",
      year           = "2013",
      number         = "3",
      pages          = "032301",
      doi            = "10.1103/PhysRevLett.111.032301",
      eprint         = "1212.3323",
      archivePrefix  = "arXiv",
      primaryClass   = "nucl-ex",
      SLACcitation   = "%%CITATION = ARXIV:1212.3323;%%"
}

@article{Adare:2007vu,
      author         = "Adare, A. and others",
      title          = "{Transverse momentum and centrality dependence of
                        dihadron correlations in Au+Au collisions at s(NN) =
                        200-GeV: Jet-quenching and the response of partonic
                        matter}",
      collaboration  = "PHENIX",
      journal        = "Phys. Rev.",
      volume         = "C77",
      year           = "2008",
      pages          = "011901",
      doi            = "10.1103/PhysRevC.77.011901",
      eprint         = "0705.3238",
      archivePrefix  = "arXiv",
      primaryClass   = "nucl-ex",
      SLACcitation   = "%%CITATION = ARXIV:0705.3238;%%"
}

@article{Acharya:2018qsh,
      author         = "Acharya, S. and others",
      title          = "{Transverse momentum spectra and nuclear modification
                        factors of charged particles in pp, p-Pb and Pb-Pb
                        collisions at the LHC}",
      collaboration  = "ALICE",
      journal        = "JHEP",
      volume         = "11",
      year           = "2018",
      pages          = "013",
      doi            = "10.1007/JHEP11(2018)013",
      eprint         = "1802.09145",
      archivePrefix  = "arXiv",
      primaryClass   = "nucl-ex",
      reportNumber   = "CERN-EP-2018-025",
      SLACcitation   = "%%CITATION = ARXIV:1802.09145;%%"
}

@article{Aamodt:2010pb,
      author         = "Aamodt, K and others",
      title          = "{Charged-particle multiplicity density at mid-rapidity in
                        central Pb-Pb collisions at $\sqrt{s_{NN}} = 2.76$ TeV}",
      collaboration  = "ALICE",
      journal        = "Phys. Rev. Lett.",
      volume         = "105",
      year           = "2010",
      pages          = "252301",
      doi            = "10.1103/PhysRevLett.105.252301",
      eprint         = "1011.3916",
      archivePrefix  = "arXiv",
      primaryClass   = "nucl-ex",
      reportNumber   = "CERN-PH-EP-2010-060",
      SLACcitation   = "%%CITATION = ARXIV:1011.3916;%%"
}

@article{Khachatryan:2016odn,
      author         = "Khachatryan, Vardan and others",
      title          = "{Charged-particle nuclear modification factors in PbPb
                        and pPb collisions at $
                        \sqrt{s_{\mathrm{N}\;\mathrm{N}}}=5.02 $ TeV}",
      collaboration  = "CMS",
      journal        = "JHEP",
      volume         = "04",
      year           = "2017",
      pages          = "039",
      doi            = "10.1007/JHEP04(2017)039",
      eprint         = "1611.01664",
      archivePrefix  = "arXiv",
      primaryClass   = "nucl-ex",
      reportNumber   = "CMS-HIN-15-015, CERN-EP-2016-242",
      SLACcitation   = "%%CITATION = ARXIV:1611.01664;%%"
}

@article{Arsene:2003yk,
      author         = "Arsene, I. and others",
      title          = "{Transverse momentum spectra in Au+Au and d+Au collisions
                        at s**(1/2) = 200-GeV and the pseudorapidity dependence of
                        high p(T) suppression}",
      collaboration  = "BRAHMS",
      journal        = "Phys. Rev. Lett.",
      volume         = "91",
      year           = "2003",
      pages          = "072305",
      doi            = "10.1103/PhysRevLett.91.072305",
      eprint         = "nucl-ex/0307003",
      archivePrefix  = "arXiv",
      primaryClass   = "nucl-ex",
      SLACcitation   = "%%CITATION = NUCL-EX/0307003;%%"
}

@article{Adams:2003im,
      author         = "Adams, J. and others",
      title          = "{Evidence from d + Au measurements for final state
                        suppression of high p(T) hadrons in Au+Au collisions at
                        RHIC}",
      collaboration  = "STAR",
      journal        = "Phys. Rev. Lett.",
      volume         = "91",
      year           = "2003",
      pages          = "072304",
      doi            = "10.1103/PhysRevLett.91.072304",
      eprint         = "nucl-ex/0306024",
      archivePrefix  = "arXiv",
      primaryClass   = "nucl-ex",
      SLACcitation   = "%%CITATION = NUCL-EX/0306024;%%"
}

@article{Adcox:2001jp,
      author         = "Adcox, K. and others",
      title          = "{Suppression of hadrons with large transverse momentum in
                        central Au+Au collisions at $\sqrt{s_{NN}}$ = 130-GeV}",
      collaboration  = "PHENIX",
      journal        = "Phys. Rev. Lett.",
      volume         = "88",
      year           = "2002",
      pages          = "022301",
      doi            = "10.1103/PhysRevLett.88.022301",
      eprint         = "nucl-ex/0109003",
      archivePrefix  = "arXiv",
      primaryClass   = "nucl-ex",
      SLACcitation   = "%%CITATION = NUCL-EX/0109003;%%"
}

@article{PhysRevD.27.140,
  title = {Highly relativistic nucleus-nucleus collisions: The central rapidity region},
  author = {Bjorken, J. D.},
  journal = {Phys. Rev. D},
  volume = {27},
  issue = {1},
  pages = {140--151},
  numpages = {0},
  year = {1983},
  month = {Jan},
  publisher = {American Physical Society},
  doi = {10.1103/PhysRevD.27.140},
  url = {https://link.aps.org/doi/10.1103/PhysRevD.27.140}
}


@article{Baym:1984sr,
      author         = "Baym, G. and Friman, B. L. and Blaizot, J. P. and Soyeur,
                        M. and Czyz, W.",
      title          = "{Hydrodynamics of Ultrarelativistic Heavy Ion
                        Collisions}",
      booktitle      = "{Nucl. Phys. A407 ( 1983) 541-570, In *Odenthal-altenberg
                        1983, Proceedings, Recent Progress In Many-body Theories*,
                        60-67}",
      journal        = "Nucl. Phys.",
      volume         = "A407",
      year           = "1983",
      pages          = "541-570",
      doi            = "10.1016/0375-9474(83)90666-8",
      SLACcitation   = "%%CITATION = NUPHA,A407,541;%%"
}



@article{ALICE,
  author = {ALICE Collaboration, The and Aamodt, Kjeld and Abrahantes, Arian and Achenbach, Ricardo and Acounis, S and Adamova, Dagmar and Adler, C and Aggarwal, Madhu and Agnese, F and Aglieri Rinella, Gianluca and Ahammed, Zubayer and Ahmad, A and Ahmad, Nora and Ahmad, Shakeel and Akindinov, A and Akishin, P and Aleksandrov, D and Alessandro, Borri and Alfaro, R and Zuffa, M},
  year = {2008},
  month = {08},
  pages = {S08002},
  title = {The alice experiment at the CERN LHC},
  volume = {3},
  journal = {Journal of Instrumentation},
  doi = {10.1088/1748-0221/3/08/S08002}
}

@article{BetheHeitler,
  author = {H. Bethe and, W. Heitler},
  title = {On the stopping of fast particles and on the creation of positive electrons},
  journal = {Proc.Roy.Soc.Lond.},
  year = {1934},
  volume = {A146}
}

@article{Landau:1953um,
  author         = "Landau, L. D. and Pomeranchuk, I.",
  title          = "{Limits of applicability of the theory of bremsstrahlung
    electrons and pair production at high-energies}",
journal        = "Dokl. Akad. Nauk Ser. Fiz.",
volume         = "92",
year           = "1953",
pages          = "535-536",
SLACcitation   = "%%CITATION = DANKA,92,535;%%"
}

@article{Kurkela:2014tla,
  author         = "Kurkela, Aleksi and Wiedemann, Urs Achim",
  title          = "{Picturing perturbative parton cascades in QCD matter}",
  journal        = "Phys. Lett.",
  volume         = "B740",
  year           = "2015",
  pages          = "172-178",
  doi            = "10.1016/j.physletb.2014.11.054",
  eprint         = "1407.0293",
  archivePrefix  = "arXiv",
  primaryClass   = "hep-ph",
  reportNumber   = "CERN-PH-TH-2014-121",
  SLACcitation   = "%%CITATION = ARXIV:1407.0293;%%"
}

@inproceedings{Bosted1993QuantummechanicalSO,
  title={Quantum-mechanical Suppression of Bremsstrahlung*},
  author={Peter Bosted and Matteo Cavalli-Sforza and Lew Kellerl and Ralph Becker-Szendyl and Perry L. Anthony and Linda Molner Kelley and Spencer Klein and Gary Niemi and Martin Perll and Leon S. Rochester and Joe White},
  year={1993}
}

@article{Migdal:1956tc,
  author         = "Migdal, A. B.",
  title          = "{Bremsstrahlung and pair production in condensed media at
    high-energies}",
journal        = "Phys. Rev.",
volume         = "103",
year           = "1956",
pages          = "1811-1820",
doi            = "10.1103/PhysRev.103.1811",
SLACcitation   = "%%CITATION = PHRVA,103,1811;%%"
}

@inproceedings{ALICEpid,
  author         = "Zampolli, Chiara",
  title          = "{Particle Identification with the ALICE detector at the
    LHC}",
booktitle      = "{Proceedings, PLHC2012: Physics at the LHC 2012
  (PLHC2012): Vancouver, BC, Canada, June 4-9, 2012}",
collaboration  = "for the ALICE",
year           = "2012",
eprint         = "1209.5637",
archivePrefix  = "arXiv",
primaryClass   = "hep-ex",
SLACcitation   = "%%CITATION = ARXIV:1209.5637;%%"
}

@article{Dellacasa:2000kh,
      author         = "Dellacasa, G. and others",
      title          = "{ALICE technical design report of the time-of-flight
                        system (TOF)}",
      collaboration  = "ALICE",
      year           = "2000",
      reportNumber   = "CERN-LHCC-2000-012",
      SLACcitation   = "%%CITATION = CERN-LHCC-2000-012;%%"
}


@article{Dellacasa:2000bm,
      author         = "Dellacasa, G. and others",
      title          = "{ALICE: Technical design report of the time projection
                        chamber}",
      collaboration  = "ALICE",
      year           = "2000",
      reportNumber   = "CERN-OPEN-2000-183, CERN-LHCC-2000-001",
      SLACcitation   = "%%CITATION = CERN-OPEN-2000-183;%%"
}

@techreport{TPCupgrade,
  title         = "{Upgrade of the ALICE Time Projection Chamber}",
  collaboration = "The ALICE Collaboration",
  number        = "CERN-LHCC-2013-020. ALICE-TDR-016",
  month         = "Oct",
  year          = "2013",
  reportNumber  = "CERN-LHCC-2013-020",
  url           = "http://cds.cern.ch/record/1622286",
}

@techreport{CERN-LHCC-2015-001,
      title         = "{Technical Design Report for the Muon Forward Tracker}",
      number        = "CERN-LHCC-2015-001. ALICE-TDR-018",
      month         = "Jan",
      year          = "2015",
      reportNumber  = "CERN-LHCC-2015-001",
      url           = "https://cds.cern.ch/record/1981898",
}

@article{ITSupgrade,
  author         = "Belikov, Iouri",
  title          = "{Upgrade of the ALICE Inner Tracking System}",
  booktitle      = "{Proceedings, 19th International Seminar on High Energy
    Physics (Quarks 2016): Pushkin, Russia, May 29-June 4,
    2016}",
collaboration  = "ALICE",
journal        = "EPJ Web Conf.",
volume         = "125",
year           = "2016",
pages          = "01004",
doi            = "10.1051/epjconf/201612501004",
eprint         = "1607.01171",
archivePrefix  = "arXiv",
primaryClass   = "physics.ins-det",
SLACcitation   = "%%CITATION = ARXIV:1607.01171;%%"
}

@article{Nagle:2018nvi,
  author         = "Nagle, James L. and Zajc, William A.",
  title          = "{Small System Collectivity in Relativistic Hadronic and
    Nuclear Collisions}",
journal        = "Ann. Rev. Nucl. Part. Sci.",
volume         = "68",
year           = "2018",
pages          = "211-235",
doi            = "10.1146/annurev-nucl-101916-123209",
eprint         = "1801.03477",
archivePrefix  = "arXiv",
primaryClass   = "nucl-ex",
SLACcitation   = "%%CITATION = ARXIV:1801.03477;%%"
}

@article{Alexopoulos:1993wt,
  author         = "Alexopoulos, T. and others",
  title          = "{Mass identified particle production in $p\bar{p}$
    collisions at $\sqrt{s}$ = 300-GeV, 540-GeV, 1000-GeV, and
    1800-GeV}",
collaboration  = "E735",
journal        = "Phys. Rev.",
volume         = "D48",
year           = "1993",
pages          = "984-997",
doi            = "10.1103/PhysRevD.48.984",
SLACcitation   = "%%CITATION = PHRVA,D48,984;%%"
}

@article{Brooks:1999xy,
  author         = "Brooks, T. C. and others",
  title          = "{A Search for disoriented chiral condensate at the
    Fermilab Tevatron}",
collaboration  = "MiniMax",
journal        = "Phys. Rev.",
volume         = "D61",
year           = "2000",
pages          = "032003",
doi            = "10.1103/PhysRevD.61.032003",
eprint         = "hep-ex/9906026",
archivePrefix  = "arXiv",
primaryClass   = "hep-ex",
reportNumber   = "SLAC-REPRINT-1999-091",
SLACcitation   = "%%CITATION = HEP-EX/9906026;%%"
}

@article{Shen:2015qta,
  author         = "Shen, Chun and Qiu, Zhi and Heinz, Ulrich",
  title          = "{Shape and flow fluctuations in ultracentral Pb + Pb
    collisions at the energies available at the CERN Large
    Hadron Collider}",
journal        = "Phys. Rev.",
volume         = "C92",
year           = "2015",
number         = "1",
pages          = "014901",
doi            = "10.1103/PhysRevC.92.014901",
eprint         = "1502.04636",
archivePrefix  = "arXiv",
primaryClass   = "nucl-th",
SLACcitation   = "%%CITATION = ARXIV:1502.04636;%%"
}

@article{Adare:2015lcd,
  author         = "Adare, A. and others",
  title          = "{Azimuthally anisotropic emission of low-momentum direct
    photons in Au$+$Au collisions at $\sqrt{s_{_{NN}}}=200$
    GeV}",
collaboration  = "PHENIX",
journal        = "Phys. Rev.",
volume         = "C94",
year           = "2016",
number         = "6",
pages          = "064901",
doi            = "10.1103/PhysRevC.94.064901",
eprint         = "1509.07758",
archivePrefix  = "arXiv",
primaryClass   = "nucl-ex",
SLACcitation   = "%%CITATION = ARXIV:1509.07758;%%"
}

@article{Salgado:2016jws,
  author         = "Salgado, Carlos A. and Wessels, Johannes P.",
  title          = "{Proton–Lead Collisions at the CERN LHC}",
  journal        = "Ann. Rev. Nucl. Part. Sci.",
  volume         = "66",
  year           = "2016",
  pages          = "449-473",
  doi            = "10.1146/annurev-nucl-102014-022110",
  SLACcitation   = "%%CITATION = ARNUA,66,449;%%"
}

@misc{ALICEjt,
  url = "https://alice-publications.web.cern.ch/node/3655",
  howpublished ={\url{https://alice-publications.web.cern.ch/node/3655}},
  year = 2018
}

@misc{CERNexperiments,
	title = "Cern experiments",
	url = "https://home.cern/science/experiments",
	year = 2019
}

@misc{CernComplex,
  url = "http://cds.cern.ch/record/2197559/",
  year = 2019
}

@article{Gieseke:2003rz,
  author         = "Gieseke, Stefan and Stephens, P. and Webber, Bryan",
  title          = "{New formalism for QCD parton showers}",
  journal        = "JHEP",
  volume         = "12",
  year           = "2003",
  pages          = "045",
  doi            = "10.1088/1126-6708/2003/12/045",
  eprint         = "hep-ph/0310083",
  archivePrefix  = "arXiv",
  primaryClass   = "hep-ph",
  reportNumber   = "CAVENDISH-HEP-03-18, CERN-TH-2003-239",
  SLACcitation   = "%%CITATION = HEP-PH/0310083;%%"
}


@article{doi:10.1146,
  Abstract = { We present the first LHC results on hard-probe observables in heavy-ion collisions. During the first 3 years of operation, the ALICE, ATLAS, and CMS experiments each collected Pb + Pb interaction data, corresponding to an integrated luminosity above 100 μb−1 at TeV. Fresh insights into the properties of QCD matter under extreme conditions are emerging. Although the basic picture established at RHIC---that of a hot, dense medium that (a) flows with a viscosity-to-entropy ratio close to the conjectured lower bound and (b) quenches the energy of hard probes, such as jets, heavy flavor, and quarkonia---has been confirmed at the LHC, the higher-energy data indicate new ways to extract its properties in more detail. These include the first observations of a different strength for the suppression of charm and beauty quarks, reduced low-pT suppression for J/ψ, and detailed measurements of high-ET jet suppression and jet-fragmentation modifications. },
  Author = {Norbeck, Edwin and {\v S}afa{\v r}{\'\i}k, Karel and Steinberg, Peter A.},
  Doi = {10.1146/annurev-nucl-102912-144532},
  Eprint = {https://doi.org/10.1146/annurev-nucl-102912-144532},
  Journal = {Annual Review of Nuclear and Particle Science},
  Number = {1},
  Pages = {383-411},
  Title = {Hard-Scattering Results in Heavy-Ion Collisions at the LHC},
  Url = {https://doi.org/10.1146/annurev-nucl-102912-144532},
  Volume = {64},
  Year = {2014},
  Bdsk-Url-1 = {https://doi.org/10.1146/annurev-nucl-102912-144532},
  Bdsk-Url-2 = {http://dx.doi.org/10.1146/annurev-nucl-102912-144532}
}


@article{Gyulassy:2003mc,
  author         = "Gyulassy, Miklos and Vitev, Ivan and Wang, Xin-Nian and
    Zhang, Ben-Wei",
  title          = "{Jet quenching and radiative energy loss in dense nuclear
    matter}",
year           = "2003",
pages          = "123-191",
doi            = "10.1142/9789812795533_0003",
eprint         = "nucl-th/0302077",
archivePrefix  = "arXiv",
primaryClass   = "nucl-th",
SLACcitation   = "%%CITATION = NUCL-TH/0302077;%%"
}

@article{nmlla,
  author = {Pérez-Ramos, Redamy and Arleo, Francois and Machet, Bruno},
  year = {2008},
  month = {07},
  pages = {014019-014019},
  title = {Next-to-modified leading logarithmic approximation corrections to single inclusive $k_T$ distributions and two-particle correlations in a jet},
  volume = {78},
  journal = {Physical Review D - PHYS REV D},
  doi = {10.1103/PHYSREVD.78.014019}
}

@article{antikt,
  author         = "Cacciari, Matteo and Salam, Gavin P. and Soyez, Gregory",
  title          = "{The anti-$k_t$ jet clustering algorithm}",
  journal        = "JHEP",
  volume         = "04",
  year           = "2008",
  pages          = "063",
  doi            = "10.1088/1126-6708/2008/04/063",
  eprint         = "0802.1189",
  archivePrefix  = "arXiv",
  primaryClass   = "hep-ph",
  reportNumber   = "LPTHE-07-03",
  SLACcitation   = "%%CITATION = ARXIV:0802.1189;%%"
}

@article{fastjet,
  author         = "Cacciari, Matteo and Salam, Gavin P. and Soyez, Gregory",
  title          = "{FastJet User Manual}",
  journal        = "Eur. Phys. J.",
  volume         = "C72",
  year           = "2012",
  pages          = "1896",
  doi            = "10.1140/epjc/s10052-012-1896-2",
  eprint         = "1111.6097",
  archivePrefix  = "arXiv",
  primaryClass   = "hep-ph",
  reportNumber   = "CERN-PH-TH-2011-297",
  SLACcitation   = "%%CITATION = ARXIV:1111.6097;%%"
}

@article{Beole:1998yq,
      author         = "Beole, S. and others",
      title          = "{ALICE technical design report: Detector for high
                        momentum PID}",
      collaboration  = "ALICE",
      year           = "1998",
      reportNumber   = "CERN-LHCC-98-19",
      SLACcitation   = "%%CITATION = CERN-LHCC-98-19;%%"
}

@article{PHOS,
  author         = "Dellacasa, G. and others",
  title          = "{ALICE technical design report of the photon spectrometer
    (PHOS)}",
collaboration  = "ALICE",
year           = "1999",
reportNumber   = "CERN-LHCC-99-04",
SLACcitation   = "%%CITATION = CERN-LHCC-99-04;%%"
}

@techreport{DCAL,
  author        = "Allen, J and Bernard, C and Bourrion, O and Chala, M and
    Del Franio, M and Driga, O and Fichera, F and Giudice, N
    and Grimaldi, A and Laloux, P and Li, Q and Librizzi, F and
    Liu, G and Loizides, C and Marcotte, G and Muggeo, S and
    Muraz, J F and Noto, F and Orlandi, A and Petrov, V and
    Pompei, F and Qian, W and Rasson, J and Sakai, S and
    Salemi, M and Sharma, M and Sparti, V and Stutzmann, J S
    and Timmons, A and Viticchie, A and Wang, M and Xiang, X
    and Zhang, F and Zhou, J and Zhu, X",
  title         = "{ALICE DCal: An Addendum to the EMCal Technical Design
    Report Di-Jet and Hadron-Jet correlation measurements in
    ALICE}",
number        = "CERN-LHCC-2010-011. ALICE-TDR-14-add-1",
month         = "Jun",
year          = "2010",
reportNumber  = "CERN-LHCC-2010-011",
url           = "https://cds.cern.ch/record/1272952",
}

@article{Cortese:2008zza,
  author         = "Cortese, P. and others",
  title          = "{ALICE electromagnetic calorimeter technical design
    report}",
collaboration  = "ALICE",
year           = "2008",
reportNumber   = "CERN-LHCC-2008-014, CERN-ALICE-TDR-014",
SLACcitation   = "%%CITATION = CERN-LHCC-2008-014;%%"
}

@book{basicsofpqcd,
  Address = {Gif-sur-Yvette, France},
  Author = {Dokshitzer, Yuri L. and Khoze, Valery A. and M{\"u}ller, Alfred H. and Troian, S. I.},
  Editor = {Tran Thanh Van, J.},
  Owner = {jviinika},
  Pages = {274},
  Publisher = {Editions Fronti{\`e}res},
  Title = {{Basics of Perturbative QCD}},
  Year = {1991}}

  @article{lundString,
    Author = {Andersson, Bo and Gustafson, G. and Ingelman, G. and Sj{\"o}strand, T.},
    Doi = {10.1016/0370-1573(83)90080-7},
    Journal = {Phys.Rept.},
    Owner = {jviinika},
    Pages = {31--145},
    Reportnumber = {LU-TP-83-10},
    Slaccitation = {%%CITATION = PRPLC,97,31;%%},
    Title = {{Parton Fragmentation and String Dynamics}},
    Volume = {97},
    Year = {1983},
    Bdsk-Url-1 = {http://dx.doi.org/10.1016/0370-1573(83)90080-7}}

    @article{firstjtmeasurement,
      Author = {Angelis, A.L.S. and others},
      Collaboration = {CCOR},
      Doi = {10.1016/0370-2693(80)90572-9},
      Journal = {Phys. Lett.},
      Owner = {jviinika},
      Pages = {163-168},
      Reportnumber = {CERN-EP/80-176, DOE/EY/2232A-95},
      Slaccitation = {%%CITATION = PHLTA,B97,163;%%},
      Title = "{A Measurement of the Transverse Momenta of Partons, and of Jet Fragmentation as a Function of $\sqrt{s}$ in $p p$ Collisions}",
      Volume = {B97},
      Year = {1980},
      Bdsk-Url-1 = {http://dx.doi.org/10.1016/0370-2693(80)90572-9}}

      @article{atlaksenJetit,
        author         = "Angerami, Aaron",
        title          = "{Measurement of Jets and Jet Suppression in
          $\sqrt{s_{NN}}=2.76$ TeV Lead-Lead Collisions with the
          ATLAS detector at the LHC}",
        booktitle      = "{Quark matter. Proceedings, 22nd International Conference
          on Ultra-Relativistic Nucleus-Nucleus Collisions, Quark
          Matter 2011, Annecy, France, May 23-28, 2011}",
        collaboration  = "ATLAS",
        journal        = "J. Phys.",
        volume         = "G38",
        year           = "2011",
        pages          = "124085",
        doi            = "10.1088/0954-3899/38/12/124085",
        eprint         = "1108.5191",
        archivePrefix  = "arXiv",
        primaryClass   = "nucl-ex",
        SLACcitation   = "%%CITATION = ARXIV:1108.5191;%%"
      }

@article{PHENIXJets,
  author         = "Adler, S. S. and others",
  title          = "{Jet properties from dihadron correlations in p+p
    collisions at $\sqrt{s} =$ 200~GeV}",
collaboration  = "PHENIX",
journal        = "Phys. Rev.",
volume         = "D74",
year           = "2006",
pages          = "072002",
doi            = "10.1103/PhysRevD.74.072002",
eprint         = "hep-ex/0605039",
archivePrefix  = "arXiv",
primaryClass   = "hep-ex",
SLACcitation   = "%%CITATION = HEP-EX/0605039;%%"
}

@article{ALICE:2011ac,
  author         = "Abelev, Betty and others",
  title          = "{Underlying Event measurements in $pp$ collisions at
    $\sqrt{s}=0.9$ and 7 TeV with the ALICE experiment at the
    LHC}",
collaboration  = "ALICE",
journal        = "JHEP",
volume         = "07",
year           = "2012",
pages          = "116",
doi            = "10.1007/JHEP07(2012)116",
eprint         = "1112.2082",
archivePrefix  = "arXiv",
primaryClass   = "hep-ex",
reportNumber   = "CERN-PH-EP-2011-204",
SLACcitation   = "%%CITATION = ARXIV:1112.2082;%%"
}

@article{aliceDetector,
  author         = "Aamodt, K. and others",
  title          = "{The ALICE experiment at the CERN LHC}",
  collaboration  = "ALICE",
  journal        = "JINST",
  volume         = "3",
  year           = "2008",
  pages          = "S08002",
  doi            = "10.1088/1748-0221/3/08/S08002",
  SLACcitation   = "%%CITATION = JINST,3,S08002;%%"
}

@article{cnmSpeculation,
  author         = "Krzywicki, A. and Engels, J. and Petersson, B. and
    Sukhatme, U.",
  title          = "{Does a Nucleus Act Like a Gluon Filter?}",
  journal        = "Phys. Lett.",
  volume         = "85B",
  year           = "1979",
  pages          = "407-412",
  doi            = "10.1016/0370-2693(79)91284-X",
  reportNumber   = "BI-TP 79/14",
  SLACcitation   = "%%CITATION = PHLTA,85B,407;%%"
}

@article{Accardi:2009qv,
  author         = "Accardi, A. and Arleo, F. and Brooks, W. K. and
    D'Enterria, David and Muccifora, V.",
  title          = "{Parton Propagation and Fragmentation in QCD Matter}",
  journal        = "Riv. Nuovo Cim.",
  volume         = "32",
  year           = "2010",
  pages          = "439-553",
  doi            = "10.1393/ncr/i2009-10048-0",
  eprint         = "0907.3534",
  archivePrefix  = "arXiv",
  primaryClass   = "nucl-th",
  reportNumber   = "JLAB-THY-09-1038",
  SLACcitation   = "%%CITATION = ARXIV:0907.3534;%%"
}

@article{cnmEffect,
  author         = "Accardi, Alberto",
  title          = "{Final state interactions and hadron quenching in cold
    nuclear matter}",
journal        = "Phys. Rev.",
volume         = "C76",
year           = "2007",
pages          = "034902",
doi            = "10.1103/PhysRevC.76.034902",
eprint         = "0706.3227",
archivePrefix  = "arXiv",
primaryClass   = "nucl-th",
SLACcitation   = "%%CITATION = ARXIV:0706.3227;%%"
}

@article{alicePerformance,
  author         = "Abelev, Betty Bezverkhny and others",
  title          = "{Performance of the ALICE Experiment at the CERN LHC}",
  collaboration  = "ALICE",
  journal        = "Int. J. Mod. Phys.",
  volume         = "A29",
  year           = "2014",
  pages          = "1430044",
  doi            = "10.1142/S0217751X14300440",
  eprint         = "1402.4476",
  archivePrefix  = "arXiv",
  primaryClass   = "nucl-ex",
  reportNumber   = "CERN-PH-EP-2014-031",
  SLACcitation   = "%%CITATION = ARXIV:1402.4476;%%"
}

@article{aliceITS,
  author         = "Aamodt, K and others",
  title          = "{Alignment of the ALICE Inner Tracking System with
    cosmic-ray tracks}",
collaboration  = "ALICE",
journal        = "JINST",
volume         = "5",
year           = "2010",
pages          = "P03003",
doi            = "10.1088/1748-0221/5/03/P03003",
eprint         = "1001.0502",
archivePrefix  = "arXiv",
primaryClass   = "physics.ins-det",
SLACcitation   = "%%CITATION = ARXIV:1001.0502;%%"
}

@article{aliceTPC,
  author         = "Alme, J. and others",
  title          = "{The ALICE TPC, a large 3-dimensional tracking device
    with fast readout for ultra-high multiplicity events}",
journal        = "Nucl. Instrum. Meth.",
volume         = "A622",
year           = "2010",
pages          = "316-367",
doi            = "10.1016/j.nima.2010.04.042",
eprint         = "1001.1950",
archivePrefix  = "arXiv",
primaryClass   = "physics.ins-det",
SLACcitation   = "%%CITATION = ARXIV:1001.1950;%%"
}

@manual{forwarddetectorsTdr,
  Month = "September",
  Organization = "ALICE Collaboration",
  Title = "{Technical Design Report on Forward Detectors: FMD, T0 and V0}",
  Year = "2004"}

  @article{Abelev:2013fn,
    author         = "Abelev, B. and others",
    title          = "{Measurement of the inclusive differential jet cross
      section in $pp$ collisions at $\sqrt{s} = 2.76$ TeV}",
  collaboration  = "ALICE",
  journal        = "Phys. Lett.",
  volume         = "B722",
  year           = "2013",
  pages          = "262-272",
  doi            = "10.1016/j.physletb.2013.04.026",
  eprint         = "1301.3475",
  archivePrefix  = "arXiv",
  primaryClass   = "nucl-ex",
  reportNumber   = "CERN-PH-EP-2012-301",
  SLACcitation   = "%%CITATION = ARXIV:1301.3475;%%"
  }

@article{newPythiaShower,
  author         = "Sjöstrand, T. and Skands, Peter Z.",
  title          = "{Transverse-momentum-ordered showers and interleaved
    multiple interactions}",
journal        = "Eur. Phys. J.",
volume         = "C39",
year           = "2005",
pages          = "129-154",
doi            = "10.1140/epjc/s2004-02084-y",
eprint         = "hep-ph/0408302",
archivePrefix  = "arXiv",
primaryClass   = "hep-ph",
reportNumber   = "LU-TP-04-29",
SLACcitation   = "%%CITATION = HEP-PH/0408302;%%"
}

@article{herwigManual,
  author         = "Bahr, M. and others",
  title          = "{Herwig++ Physics and Manual}",
  journal        = "Eur. Phys. J.",
  volume         = "C58",
  year           = "2008",
  pages          = "639-707",
  doi            = "10.1140/epjc/s10052-008-0798-9",
  eprint         = "0803.0883",
  archivePrefix  = "arXiv",
  primaryClass   = "hep-ph",
  reportNumber   = "CERN-PH-TH-2008-038, CAVENDISH-HEP-08-03, KA-TP-05-2008,
  DCPT-08-22, IPPP-08-11, CP3-08-05",
  SLACcitation   = "%%CITATION = ARXIV:0803.0883;%%"
}

@article{herwig7releaseNote,
  author         = "Bellm, Johannes and others",
  title          = "{Herwig 7.0/Herwig++ 3.0 release note}",
  journal        = "Eur. Phys. J.",
  volume         = "C76",
  year           = "2016",
  number         = "4",
  pages          = "196",
  doi            = "10.1140/epjc/s10052-016-4018-8",
  eprint         = "1512.01178",
  archivePrefix  = "arXiv",
  primaryClass   = "hep-ph",
  reportNumber   = "CERN-PH-TH-2015-289, MAN-HEP-2015-15, IFJPAN-IV-2015-13,
  HERWIG-2015-01, KA-TP-18-2015, DCPT-15-142, MCNET-15-28,
  IPPP-15-71, --HERWIG-2015-01",
  SLACcitation   = "%%CITATION = ARXIV:1512.01178;%%"
}

@article{hybridExplanation,
  author         = "Abelev, Betty and others",
  title          = "{Long-range angular correlations on the near and away
    side in $p$-Pb collisions at $\sqrt{s_{NN}}=5.02$ TeV}",
collaboration  = "ALICE",
journal        = "Phys. Lett.",
volume         = "B719",
year           = "2013",
pages          = "29-41",
doi            = "10.1016/j.physletb.2013.01.012",
eprint         = "1212.2001",
archivePrefix  = "arXiv",
primaryClass   = "nucl-ex",
reportNumber   = "CERN-PH-EP-2012-359",
SLACcitation   = "%%CITATION = ARXIV:1212.2001;%%"
}

@article{introPythia81,
  author         = "Sjöstrand, Torbjörn and Mrenna, Stephen and Skands, Peter
    Z.",
  title          = "{A Brief Introduction to PYTHIA 8.1}",
  journal        = "Comput. Phys. Commun.",
  volume         = "178",
  year           = "2008",
  pages          = "852-867",
  doi            = "10.1016/j.cpc.2008.01.036",
  eprint         = "0710.3820",
  archivePrefix  = "arXiv",
  primaryClass   = "hep-ph",
  reportNumber   = "CERN-LCGAPP-2007-04, LU-TP-07-28,
  FERMILAB-PUB-07-512-CD-T",
  SLACcitation   = "%%CITATION = ARXIV:0710.3820;%%"
}

@article{introPythia82,
  author         = "Sjöstrand, Torbjörn and Ask, Stefan and Christiansen,
  Jesper R. and Corke, Richard and Desai, Nishita and Ilten,
  Philip and Mrenna, Stephen and Prestel, Stefan and
    Rasmussen, Christine O. and Skands, Peter Z.",
  title          = "{An Introduction to PYTHIA 8.2}",
  journal        = "Comput. Phys. Commun.",
  volume         = "191",
  year           = "2015",
  pages          = "159-177",
  doi            = "10.1016/j.cpc.2015.01.024",
  eprint         = "1410.3012",
  archivePrefix  = "arXiv",
  primaryClass   = "hep-ph",
  reportNumber   = "LU-TP-14-36, MCNET-14-22, CERN-PH-TH-2014-190,
  FERMILAB-PUB-14-316-CD, DESY-14-178, SLAC-PUB-16122",
  SLACcitation   = "%%CITATION = ARXIV:1410.3012;%%"
}

@article{Dellacasa:1999kf,
      author         = "Dellacasa, G. and others",
      title          = "{ALICE technical design report of the inner tracking
                        system (ITS)}",
      collaboration  = "ALICE",
      year           = "1999",
      reportNumber   = "CERN-LHCC-99-12",
      SLACcitation   = "%%CITATION = CERN-LHCC-99-12;%%"
}

@article{Cortese:2004aa,
      author         = "Cortese, P and others",
      title          = "{ALICE technical design report on forward detectors: FMD,
                        T0 and V0}",
      collaboration  = "ALICE",
      year           = "2004",
      reportNumber   = "CERN-LHCC-2004-025",
      SLACcitation   = "%%CITATION = CERN-LHCC-2004-025;%%"
}

@article{Dokshitzer:1977sg,
      author         = "Dokshitzer, Yuri L.",
      title          = "{Calculation of the Structure Functions for Deep
                        Inelastic Scattering and e+ e- Annihilation by
                        Perturbation Theory in Quantum Chromodynamics.}",
      journal        = "Sov. Phys. JETP",
      volume         = "46",
      year           = "1977",
      pages          = "641-653",
      note           = "[Zh. Eksp. Teor. Fiz.73,1216(1977)]",
      SLACcitation   = "%%CITATION = SPHJA,46,641;%%"
}

@article{Altarelli:1977zs,
      author         = "Altarelli, Guido and Parisi, G.",
      title          = "{Asymptotic Freedom in Parton Language}",
      journal        = "Nucl. Phys.",
      volume         = "B126",
      year           = "1977",
      pages          = "298-318",
      doi            = "10.1016/0550-3213(77)90384-4",
      reportNumber   = "LPTENS-77-6",
      SLACcitation   = "%%CITATION = NUPHA,B126,298;%%"
}

@article{Gribov:1972ri,
      author         = "Gribov, V. N. and Lipatov, L. N.",
      title          = "{Deep inelastic e p scattering in perturbation theory}",
      journal        = "Sov. J. Nucl. Phys.",
      volume         = "15",
      year           = "1972",
      pages          = "438-450",
      note           = "[Yad. Fiz.15,781(1972)]",
      reportNumber   = "IPTI-381-71",
      SLACcitation   = "%%CITATION = SJNCA,15,438;%%"
}

@techreport{aliceupgrade,
      author        = "Abelev, B and Adam, J and Adamová, D and Aggarwal, M M
                       and Aglieri Rinella, G and Agnello, M and Agostinelli, A
                       and Agrawal, N and Ahammed, Z and Ahmad, N and Ahmad
                       Masoodi, A and Ahmed, I and Ahn, S U and Ahn, S A and Aimo,
                       I and Aiola, S and Ajaz, M and Akindinov, A and
                       Aleksandrov, D and Alessandro, B and Alexandre, D and
                       Alici, A and Alkin, A and Alme, J and Alt, T and Altini, V
                       and Altinpinar, S and Altsybeev, I and Alves Garcia Prado,
                       C and Anderssen, E C and Andrei, C and Andronic, A and
                       Anguelov, V and Anielski, J and Anticic, T and Antinori, F
                       and Antonioli, P and Aphecetche, L and Appelshäuser, H and
                       Arbor, N and Arcelli, S and Armesto, N and Arnaldi, R and
                       Aronsson, T and Arsene, I C and Arslandok, M and
                       Augustinus, A and Averbeck, R and Awes, T C and Azmi, M D
                       and Bach, M and Badalà, A and Baek, Y W and Bagnasco, S
                       and Bailhache, R and Bairathi, V and Bala, R and
                       Baldisseri, A and Baltasar Dos Santos Pedrosa, F and Bán,
                       J and Baral, R C and Barbera, R and Barile, F and
                       Barnaföldi, G G and Barnby, L S and Barret, V and Bartke,
                       J and Basile, M and Bastian Van Beelen, J and Bastid, N and
                       Basu, S and Bathen, B and Batigne, G and Battistin, M and
                       Batyunya, B and Batzing, P C and Baudot, J and Baumann, C
                       and Bearden, I G and Beck, H and Bedda, C and Behera, N K
                       and Belikov, I and Bellini, F and Bellwied, R and
                       Belmont-Moreno, E and Bencedi, G and Benettoni, M and
                       Benotto, F and Beole, S and Berceanu, I and Bercuci, A and
                       Berdnikov, Y and Berenyi, D and Berger, M E and Bertens, R
                       A and Berzano, D and Besson, A and Betev, L and Bhasin, A
                       and Bhati, A K and Bhatti, A and Bhattacharjee, B and Bhom,
                       J and Bianchi, L and Bianchi, N and Bianchin, C and
                       Bielcík, J and Bielcíková, J and Bilandzic, A and
                       Bjelogrlic, S and Blanco, F and Blau, D and Blume, C and
                       Bock, F and Boehmer, F V and Bogdanov, A and Boggild, H and
                       Bogolyubsky, M and Boldizsár, L and Bombara, M and Book, J
                       and Borel, H and Borissov, A and Bornschein, J and
                       Borshchov, V N and Bortolin, C and Bossú, F and Botje, M
                       and Botta, E and Böttger, S and Braun-Munzinger, P and
                       Breitner, T and Broker, T A and Browning, T A and Broz, M
                       and Bruna, E and Bruno, G E and Budnikov, D and Buesching,
                       H and Bufalino, S and Buncic, P and Busch, O and Buthelezi,
                       Z and Caffarri, D and Cai, X and Caines, H and Caliva, A
                       and Calvo Villar, E and Camerini, P and Canoa Roman, V and
                       Carena, F and Carena, W and Cariola, P and Carminati, F and
                       Casanova Díaz, A and Castillo Castellanos, J and Casula, E
                       A R and Catanescu, V and Caudron, T and Cavicchioli, C and
                       Ceballos Sanchez, C and Cepila, J and Cerello, P and Chang,
                       B and Chapeland, S and Charvet, J L and Chattopadhyay, S
                       and Chattopadhyay, S and Cherney, M and Cheshkov, C and
                       Cheynis, B and Chibante Barroso, V and Chinellato, D D and
                       Chochula, P and Chojnacki, M and Choudhury, S and
                       Christakoglou, P and Christensen, C H and Christiansen, P
                       and Chujo, T and Chung, S U and Cicalo, C and Cifarelli, L
                       and Cindolo, F and Claus, G and Cleymans, J and Colamaria,
                       F and Colella, D and Coli, S and Colledani, C and Collu, A
                       and Colocci, M and Conesa Balbastre, G and Conesa del
                       Valle, Z and Connors, M E and Contin, G and Contreras, J G
                       and Cormier, T M and Corrales Morales, Y and Cortese, P and
                       Cortés Maldonado, I and Cosentino, M R and Costa, F and
                       Crochet, P and Cruz Albino, R and Cuautle, E and Cunqueiro,
                       L and Dainese, A and Dang, R and Danu, A and Da Riva, E and
                       Das, D and Das, I and Das, K and Das, S and Dash, A and
                       Dash, S and De, S and Decosse, C and Delagrange, H and
                       Deloff, A and Dénes, E and D'Erasmo, G and de Barros, G O
                       V and De Caro, A and de Cataldo, G and de Cuveland, J and
                       De Falco, A and De Gruttola, D and De Marco, N and De
                       Pasquale, S and De Robertis, G and De Roo, K and de Rooij,
                       R and Diaz Corchero, M A and Dietel, T and Divià, R and Di
                       Bari, D and Di Liberto, S and Di Mauro, A and Di Nezza, P
                       and Djuvsland, o and Dobrin, A and Dobrowolski, T and
                       Domenicis Gimenez, D and Dönigus, B and Dordic, O and
                       Dorheim, S and Dorokhov, A and Doziere, G and Dubey, A K
                       and Dubla, A and Ducroux, L and Dulinski, W and Dupieux, P
                       and Dutta Majumdar, A K and Ehlers III, R J and Elia, D and
                       Engel, H and Erazmus, B and Erdal, H A and Eschweiler, D
                       and Espagnon, B and Estienne, M and Esumi, S and Evans, D
                       and Evdokimov, S and Eyyubova, G and Fabris, D and Faivre,
                       J and Falchieri, D and Fantoni, A and Fasel, M and Fehlker,
                       D and Feldkamp, L and Felea, D and Feliciello, A and
                       Feofilov, G and Ferencei, J and Fernández Téllez, A and
                       Ferreiro, E G and Ferretti, A and Festanti, A and Figiel, J
                       and Figueredo, M A S and Filchagin, S and Finogeev, D and
                       Fionda, F M and Fiore, E M and Fiorenza, G and Floratos, E
                       and Floris, M and Foertsch, S and Foka, P and Fokin, S and
                       Fragiacomo, E and Francescon, A and Franco, M and
                       Frankenfeld, U and Fuchs, U and Furget, C and Fusco Girard,
                       M and Gaardhoje, J J and Gagliardi, M and Gajanana, D and
                       Gallio, M and Gangadharan, D R and Ganoti, P and Garabatos,
                       C and Garcia-Solis, E and Gargiulo, C and Garishvili, I and
                       Gerhard, J and Germain, M and Gheata, A and Gheata, M and
                       Ghidini, B and Ghosh, P and Ghosh, S K and Gianotti, P and
                       Giubilato, P and Giubellino, P and Gladysz-Dziadus, E and
                       Glässel, P and Gomez, R and Gomez Marzoa, M and
                       González-Zamora, P and Gorbunov, S and Görlich, L and
                       Gotovac, S and Graczykowski, L K and Grajcarek, R and
                       Greiner, L C and Grelli, A and Grigoras, A and Grigoras, C
                       and Grigoriev, V and Grigoryan, A and Grigoryan, S and
                       Grinyov, B and Grion, N and Grondin, D and
                       Grosse-Oetringhaus, J F and Grossiord, J -Y and Grosso, R
                       and Guber, F and Guernane, R and Guerzoni, B and Guilbaud,
                       M and Gulbrandsen, K and Gulkanyan, H and Gunji, T and
                       Gupta, A and Gupta, R and H Khan, K and Haake, R and
                       Haaland, o and Hadjidakis, C and Haiduc, M and Hamagaki, H
                       and Hamar, G and Hanratty, L D and Hansen, A and Harris, J
                       W and Hartmann, H and Harton, A and Hatzifotiadou, D and
                       Hayashi, S and Heckel, S T and Heide, M and Helstrup, H and
                       Hennes, E and Herghelegiu, A and Herrera Corral, G and
                       Hess, B A and Hetland, K F and Hicks, B and Hillemanns, H
                       and Himmi, A and Hippolyte, B and Hladky, J and Hristov, P
                       and Huang, M and Hu-Guo, C and Humanic, T J and Hutter, D
                       and Hwang, D S and Igolkin, S and Ijzermans, P and Ilkaev,
                       R and Ilkiv, I and Inaba, M and Incani, E and Innocenti, G
                       M and Ionita, C and Ippolitov, M and Irfan, M and Ivanov, M
                       and Ivanov, V and Ivanytskyi, O and Jacholkowski, A and
                       Jadlovsky, J and Jahnke, C and Jang, H J and Janik, M A and
                       Jayarathna, P H S Y and Jena, S and Jimenez Bustamante, R T
                       and Jones, P G and Jung, H and Junique, A and Jusko, A and
                       Kalcher, S and Kalinak, P and Kalweit, A and Kamin, J and
                       Kang, J H and Kaplin, V and Kar, S and Karasu Uysal, A and
                       Karavichev, O and Karavicheva, T and Karpechev, E and
                       Kebschull, U and Keidel, R and Keil, M and Ketzer, B and
                       Khan, M Mohisin and Khan, P and Khan, S A and Khanzadeev, A
                       and Kharlov, Y and Kileng, B and Kim, B and Kim, D and Kim,
                       D W and Kim, D J and Kim, J S and Kim, M and Kim, M and
                       Kim, S and Kim, T and Kirsch, S and Kisel, I and Kiselev, S
                       and Kisiel, A and Kiss, G and Klay, J L and Klein, J and
                       Klein-Bösing, C and Kluge, A and Knichel, M L and Knospe,
                       A G and Kobdaj, C and Kofarago, M and Köhler, M K and
                       Kollegger, T and Kolojvari, A and Kondratiev, V and
                       Kondratyeva, N and Konevskikh, A and Kovalenko, V and
                       Kowalski, M and Kox, S and Koyithatta Meethaleveedu, G and
                       Kral, J and Králik, I and Kramer, F and Kravcáková, A
                       and Krelina, M and Kretz, M and Krivda, M and Krizek, F and
                       Krus, M and Krymov, E B and Kryshen, E and Krzewicki, M and
                       Kucera, V and Kucheriaev, Y and Kugathasan, T and Kuhn, C
                       and Kuijer, P G and Kulakov, I and Kumar, J and Kurashvili,
                       P and Kurepin, A and Kurepin, A B and Kuryakin, A and
                       Kushpil, S and Kushpil, V and Kweon, M J and Kwon, Y and
                       Ladron de Guevara, P and Lagana Fernandes, C and Lakomov, I
                       and Langoy, R and Lara, C and Lardeux, A and Lattuca, A and
                       La Pointe, S L and La Rocca, P and Lea, R and Lee, G R and
                       Legrand, I and Lehnert, J and Lemmon, R C and Lenhardt, M
                       and Lenti, V and Leogrande, E and Leoncino, M and León
                       Monzón, I and Lesenechal, Y and Lévai, P and Li, S and
                       Lien, J and Lietava, R and Lindal, S and Lindenstruth, V
                       and Lippmann, C and Lisa, M A and Listratenko, O M and
                       Ljunggren, H M and Lodato, D F and Loddo, F and Loenne, P I
                       and Loggins, V R and Loginov, V and Lohner, D and Loizides,
                       C and Lopez, X and López Torres, E and Lu, X -G and
                       Luettig, P and Lunardon, M and Luo, J and Luparello, G and
                       Luzzi, C and M Gago, A and M Jacobs, P and Ma, R and
                       Maevskaya, A and Mager, M and Mahapatra, D P and Maire, A
                       and Malaev, M and Maldonado Cervantes, I and Malinina, L
                       and Mal'Kevich, D and Maltsev, N A and Malzacher, P and
                       Mamonov, A and Manceau, L and Manko, V and Manso, F and
                       Manzari, V and Mapelli, A and Marchisone, M and Mares, J
                       and Margagliotti, G V and Margotti, A and Marín, A and
                       Marin Tobon, C A and Markert, C and Marquard, M and Marras,
                       D and Martashvili, I and Martin, N A and Martinengo, P and
                       Martínez, M I and Martínez García, G and Martin Blanco,
                       J and Martynov, Y and Mas, A and Masciocchi, S and Masera,
                       M and Maslov, M and Masoni, A and Massacrier, L and
                       Mastroserio, A and Mattiazzo, S and Matyja, A and Mayer, C
                       and Mazer, J and Mazumder, R and Mazza, G and Mazzoni, M A
                       and Meddi, F and Menchaca-Rocha, A and Mercado Pérez, J
                       and Meres, M and Miake, Y and Mikhaylov, K and Milano, L
                       and Milosevic, J and Mischke, A and Mishra, A N and
                       Miskowiec, D and Mitu, C M and Mlynarz, J and Mohanty, B
                       and Molnar, L and Mongelli, M and Montaño Zetina, L and
                       Montes, E and Morando, M and Moreira De Godoy, D A and
                       Morel, F and Moretto, S and Morreale, A and Morsch, A and
                       Muccifora, V and Mudnic, E and Muhammad Bhopal, F and
                       Muhuri, S and Mukherjee, M and Müller, H and Munhoz, M G
                       and Murray, S and Musa, L and Musinsky, J and Nandi, B K
                       and Nania, R and Nappi, E and Nattrass, C and Nayak, T K
                       and Nazarenko, S and Nedosekin, A and Nicassio, M and
                       Niculescu, M and Nielsen, B S and Nikolaev, S and Nikulin,
                       S and Nikulin, V and Nilsen, B S and Noferini, F and
                       Nomokonov, P and Nooren, G and Nyanin, A and Nystrand, J
                       and Oeschler, H and Oh, S and Oh, S K and Okatan, A and
                       Olah, L and Oleniacz, J and Oliveira Da Silva, A C and
                       Onderwaater, J and Oppedisano, C and Ortiz Velasquez, A and
                       Oskarsson, A and Otwinowski, J and Oyama, K and Pachmayer,
                       Y and Pachr, M and Pagano, P and Paic, G and Painke, F and
                       Pajares, C and Pal, S K and Palmeri, A and Panati, S and
                       Pant, D and Pantano, D and Papikyan, V and Pappalardo, G S
                       and Park, W J and Passfeld, A and Pastore, C and Patalakha,
                       D I and Paticchio, V and Paul, B and Pawlak, T and
                       Peitzmann, T and Pereira Da Costa, H and Pereira De
                       Oliveira Filho, E and Peresunko, D and Pérez Lara, C E and
                       Peryt, W and Pesci, A and Pestov, Y and Petagna, P and
                       Petrácek, V and Petran, M and Petris, M and Petrovici, M
                       and Petta, C and Pham, H and Piano, S and Pikna, M and
                       Pillot, P and Pinazza, O and Pinsky, L and Piyarathna, D B
                       and Ploskon, M and Planinic, M and Pluta, J and Pochybova,
                       S and Podesta-Lerma, P L M and Poghosyan, M G and
                       Pohjoisaho, E H O and Polichtchouk, B and Poljak, N and
                       Pop, A and Porteboeuf-Houssais, S and Porter, J and
                       Pospisil, V and Potukuchi, B and Prasad, S K and
                       Preghenella, R and Prino, F and Protsenko, M A and Pruneau,
                       C A and Pshenichnov, I and Puddu, G and Puggioni, C and
                       Punin, V and Putschke, J and Qvigstad, H and Rachevski, A
                       and Raha, S and Rak, J and Rakotozafindrabe, A and Ramello,
                       L and Raniwala, R and Raniwala, S and Räsänen, S S and
                       Rascanu, B T and Rasson, J E and Rathee, D and Rauf, A W
                       and Razazi, V and Read, K F and Real, J S and Redlich, K
                       and Reed, R J and Rehman, A and Reichelt, P and Reicher, M
                       and Reidt, F and Renfordt, R and Reolon, A R and Reshetin,
                       A and Rettig, F and Revol, J -P and Reygers, K and Riabov,
                       V and Ricci, R A and Richert, T and Richter, M and Riedler,
                       P and Riegler, W and Riggi, F and Rivetti, A and Rocco, E
                       and Rodríguez Cahuantzi, M and Rodriguez Manso, A and
                       Roed, K and Rogochaya, E and Rohni, S and Rohr, D and
                       Röhrich, D and Romita, R and Ronchetti, F and Ronflette, L
                       and Rosnet, P and Rossegger, S and Rossewij, M J and Rossi,
                       A and Roudier, S and Rousset, J and Roy, A and Roy, C and
                       Roy, P and Rubio Montero, A J and Rui, R and Russo, R and
                       Ryabinkin, E and Ryabov, Y and Rybicki, A and Sacchetti, M
                       and Sadovsky, S and Safarík, K and Sahlmuller, B and
                       Sahoo, R and Sahu, P K and Saini, J and Salgado, C A and
                       Salzwedel, J and Sambyal, S and Samsonov, V and Sanchez
                       Castro, X and Sánchez Rodríguez, F J and sándor, L and
                       Sandoval, A and Sano, M and Santagati, G and Santoro, R and
                       Sarkar, D and Scapparone, E and Scarlassara, F and
                       Scharenberg, R P and Schiaua, C and Schicker, R and
                       Schipper, J D and Schmidt, C and Schmidt, H R and
                       Schuchmann, S and Schukraft, J and Schulc, M and Schuster,
                       T and Schutz, Y and Schwarz, K and Schweda, K and Scioli, G
                       and Scomparin, E and Scott, P A and Scott, R and Segato, G
                       and Seger, J E and Selyuzhenkov, I and Senyukhov, S and
                       Seo, J and Serradilla, E and Sevcenco, A and Sgura, I and
                       Shabetai, A and Shabratova, G and Shahoyan, R and
                       Shangaraev, A and Sharma, N and Sharma, S and Shigaki, K
                       and Shtejer, K and Sibiriak, Y and Siddhanta, S and
                       Siemiarczuk, T and Silvermyr, D and Silvestre, C and
                       Simatovic, G and Singaraju, R and Singh, R and Singha, S
                       and Singhal, V and Sinha, B C and Sinha, T and Sitar, B and
                       Sitta, M and Skaali, T B and Skjerdal, K and Smakal, R and
                       Smirnov, N and Snellings, R J M and Snoeys, W and Sogaard,
                       C and Soltz, R and Song, J and Song, M and Sooden, V and
                       Soramel, F and Sorensen, S and Spacek, M and spalek, J and
                       Spiriti, E and Sputowska, I and Spyropoulou-Stassinaki, M
                       and Srivastava, B K and Stachel, J and Stan, I and
                       Stefanek, G and Steinpreis, M and Stenlund, E and Steyn, G
                       and Stiller, J H and Stocco, D and Stolpovskiy, M and
                       Strmen, P and Suaide, A A P and Subieta Vasquez, M A and
                       Sugitate, T and Suire, C and Suleymanov, M and suljic, M
                       and Sultanov, R and sumbera, M and Sun, X and Susa, T and
                       Symons, T J M and Szanto de Toledo, A and Szarka, I and
                       Szczepankiewicz, A and Szymanski, M and Takahashi, J and
                       Tangaro, M A and Tapia Takaki, J D and Tarantola Peloni, A
                       and Tarazona Martinez, A and Tauro, A and Tejeda Muñoz, G
                       and Telesca, A and Terrevoli, C and Ter Minasyan, A and
                       Thäder, J and Thomas, D and Tieulent, R and Timmins, A R
                       and Toia, A and Torii, H and Trubnikov, V and Trzaska, W H
                       and Tsuji, T and Tumkin, A and Turchetta, R and Turrisi, R
                       and Tveter, T S and Tymchuk, I T and Ulery, J and Ullaland,
                       K and Uras, A and Usai, G L and Vajzer, M and Vala, M and
                       Valencia Palomo, L and Valentino, V and Valin, I and
                       Vallero, S and Vande Vyvre, P and Vannucci, L and Van Der
                       Maarel, J and Van Hoorne, J W and van Leeuwen, M and
                       Vargas, A and Varma, R and Vasileiou, M and Vasiliev, A and
                       Vasta, P and Vechernin, V and Veldhoen, M and Velure, A and
                       Venaruzzo, M and Vercellin, E and Vergara Limón, S and
                       Verlaat, B and Vernet, R and Verweij, M and Vickovic, L and
                       Viesti, G and Viinikainen, J and Vilakazi, Z and Villalobos
                       Baillie, O and Vinogradov, A and Vinogradov, L and
                       Vinogradov, Y and Virgili, T and Viyogi, Y P and
                       Vodopyanov, A and Völkl, M A and Voloshin, K and Voloshin,
                       S A and Volpe, G and von Haller, B and Vorobyev, I and
                       Vranic, D and Vrláková, J and Vulpescu, B and Vyushin, A
                       and Wagner, B and Wagner, J and Wagner, V and Wang, M and
                       Wang, Y and Watanabe, D and Weber, M and Wessels, J P and
                       Westerhoff, U and Wiechula, J and Wikne, J and Wilde, M and
                       Wilk, G and Wilkinson, J and Williams, M C S and
                       Windelband, B and Winn, M and Winter, M and Xiang, C and
                       Yaldo, C G and Yamaguchi, Y and Yang, H and Yang, P and
                       Yang, S and Yano, S and Yasnopolskiy, S and Yi, J and Yin,
                       Z and Yoo, I -K and Yushmanov, I and Zaccolo, V and Zach, C
                       and Zaman, A and Zampolli, C and Zaporozhets, S and
                       Zarochentsev, A and Závada, P and Zaviyalov, N and
                       Zbroszczyk, H and Zgura, I S and Zhalov, M and Zhang, F and
                       Zhang, H and Zhang, X and Zhang, Y and Zhao, C and
                       Zherebchevsky, V I and Zhou, D and Zhou, F and Zhou, Y and
                       Zhu, H and Zhu, J and Zhu, X and Zichichi, A and
                       Zimmermann, A and Zinovjev, G and Zoccarato, Y and
                       Zynovyev, M and Zyzak, M",
      title         = "{Upgrade of the ALICE Experiment: Letter of Intent}",
      institution   = "CERN",
      collaboration = "ALICE Collaboration",
      address       = "Geneva",
      number        = "CERN-LHCC-2012-012. LHCC-I-022. ALICE-UG-002",
      month         = "Aug",
      year          = "2012",
      reportNumber  = "CERN-LHCC-2012-012",
      url           = "https://cds.cern.ch/record/1475243",
}

@book{Bruning:782076,
      author        = "Brüning, Oliver Sim and Collier, Paul and Lebrun, P and
                       Myers, Stephen and Ostojic, Ranko and Poole, John and
                       Proudlock, Paul",
      title         = "{LHC Design Report}",
      publisher     = "CERN",
      address       = "Geneva",
      series        = "CERN Yellow Reports: Monographs",
      year          = "2004",
      url           = "https://cds.cern.ch/record/782076",
}

@article{Beole:1996yp,
      author         = "Beole, S. and others",
      title          = "{The forward muon spectrometer of ALICE}",
      collaboration  = "ALICE",
      year           = "1996",
      reportNumber   = "CERN-LHCC-96-32",
      SLACcitation   = "%%CITATION = CERN-LHCC-96-32;%%"
}

@article{Dellacasa:1999ke,
      author         = "Dellacasa, G. and others",
      title          = "{ALICE technical design report of the zero degree
                        calorimeter (ZDC)}",
      collaboration  = "ALICE",
      year           = "1999",
      reportNumber   = "CERN-LHCC-99-05",
      SLACcitation   = "%%CITATION = CERN-LHCC-99-05;%%"
}

@book{CERN-LHCC-99-032,
      title         = "{ALICE Photon Multiplicity Detector (PMD): Technical
                       Design Report}",
      publisher     = "CERN",
      collaboration = "ALICE Collaboration",
      address       = "Geneva",
      series        = "Technical Design Report ALICE",
      year          = "1999",
      reportNumber  = "CERN-LHCC-99-032",
      url           = "https://cds.cern.ch/record/451099",
}

@article{Maevskaya:2018ggm,
      author         = "Maevskaya, A. I.",
      title          = "{Fast Interaction Trigger for the upgrade of the ALICE
                        experiment at CERN: design and performance}",
      collaboration  = "ALICE",
      year           = "2018",
      eprint         = "1812.00594",
      archivePrefix  = "arXiv",
      primaryClass   = "physics.ins-det",
      SLACcitation   = "%%CITATION = ARXIV:1812.00594;%%"
}

@article{Fernandez:2006ki,
      author         = "Fernández, A. and others",
      title          = "{ACORDE a Cosmic Ray Detector for ALICE}",
      booktitle      = "{Frontier detectors for frontier physics. Proceedings,
                        10th Pisa Meeting on Advanced Detectors, La Biodola,
                        Italy, May 21-27, 2006}",
      collaboration  = "ACORDE",
      journal        = "Nucl. Instrum. Meth.",
      volume         = "A572",
      year           = "2007",
      pages          = "102-103",
      doi            = "10.1016/j.nima.2006.10.336",
      eprint         = "physics/0606051",
      archivePrefix  = "arXiv",
      primaryClass   = "physics.ins-det",
      SLACcitation   = "%%CITATION = PHYSICS/0606051;%%"
}

@book{Cortese:519145,
      author        = "Cortese, P",
      title         = "{ALICE transition-radiation detector: Technical Design
                       Report}",
      publisher     = "CERN",
      collaboration = "ALICE Collaboration",
      address       = "Geneva",
      series        = "Technical Design Report ALICE",
      year          = "2001",
      reportNumber  = "CERN-LHCC-2001-021",
      url           = "https://cds.cern.ch/record/519145",
}

@article{Anelli:2008zza,
      author         = "Anelli, G. and others",
      title          = "{The TOTEM experiment at the CERN Large Hadron Collider}",
      collaboration  = "TOTEM",
      journal        = "JINST",
      volume         = "3",
      year           = "2008",
      pages          = "S08007",
      doi            = "10.1088/1748-0221/3/08/S08007",
      SLACcitation   = "%%CITATION = JINST,3,S08007;%%"
}

@article{Alves:2008zz,
      author         = "Alves, Jr., A. Augusto and others",
      title          = "{The LHCb Detector at the LHC}",
      collaboration  = "LHCb",
      journal        = "JINST",
      volume         = "3",
      year           = "2008",
      pages          = "S08005",
      doi            = "10.1088/1748-0221/3/08/S08005",
      SLACcitation   = "%%CITATION = JINST,3,S08005;%%"
}

@article{Watkins:1986va,
      author         = "Watkins, P. M.",
      title          = "{DISCOVERY OF THE W AND Z BOSONS}",
      journal        = "Contemp. Phys.",
      volume         = "27",
      year           = "1986",
      pages          = "291-324",
      doi            = "10.1080/00107518608211015",
      SLACcitation   = "%%CITATION = CTPHA,27,291;%%"
}

@article{Chatrchyan:2012xdj,
      author         = "Chatrchyan, Serguei and others",
      title          = "{Observation of a new boson at a mass of 125 GeV with the
                        CMS experiment at the LHC}",
      collaboration  = "CMS",
      journal        = "Phys. Lett.",
      volume         = "B716",
      year           = "2012",
      pages          = "30-61",
      doi            = "10.1016/j.physletb.2012.08.021",
      eprint         = "1207.7235",
      archivePrefix  = "arXiv",
      primaryClass   = "hep-ex",
      reportNumber   = "CMS-HIG-12-028, CERN-PH-EP-2012-220",
      SLACcitation   = "%%CITATION = ARXIV:1207.7235;%%"
}

@article{Aad:2012tfa,
      author         = "Aad, Georges and others",
      title          = "{Observation of a new particle in the search for the
                        Standard Model Higgs boson with the ATLAS detector at the
                        LHC}",
      collaboration  = "ATLAS",
      journal        = "Phys. Lett.",
      volume         = "B716",
      year           = "2012",
      pages          = "1-29",
      doi            = "10.1016/j.physletb.2012.08.020",
      eprint         = "1207.7214",
      archivePrefix  = "arXiv",
      primaryClass   = "hep-ex",
      reportNumber   = "CERN-PH-EP-2012-218",
      SLACcitation   = "%%CITATION = ARXIV:1207.7214;%%"
}

@article{Ayala:2016pvm,
      author         = "Ayala, Alejandro and Dominguez, Isabel and
                        Jalilian-Marian, Jamal and Tejeda-Yeomans, Maria Elena",
      title          = "{Relating $\hat{q}$, $\eta/s$ and $\Delta E$ in an
                        expanding quark-gluon plasma}",
      journal        = "Phys. Rev.",
      volume         = "C94",
      year           = "2016",
      number         = "2",
      pages          = "024913",
      doi            = "10.1103/PhysRevC.94.024913",
      eprint         = "1603.09296",
      archivePrefix  = "arXiv",
      primaryClass   = "hep-ph",
      SLACcitation   = "%%CITATION = ARXIV:1603.09296;%%"
}

@article{DEramo:2012uzl,
      author         = "D'Eramo, Francesco and Lekaveckas, Mindaugas and Liu,
                        Hong and Rajagopal, Krishna",
      title          = "{Momentum Broadening in Weakly Coupled Quark-Gluon Plasma
                        (with a view to finding the quasiparticles within liquid
                        quark-gluon plasma)}",
      journal        = "JHEP",
      volume         = "05",
      year           = "2013",
      pages          = "031",
      doi            = "10.1007/JHEP05(2013)031",
      eprint         = "1211.1922",
      archivePrefix  = "arXiv",
      primaryClass   = "hep-ph",
      reportNumber   = "MIT-CTP-4400, CERN-PH-TH-2012-303, UCB-PTH-12-14",
      SLACcitation   = "%%CITATION = ARXIV:1211.1922;%%"
}

@article{CasalderreySolana:2012ef,
      author         = "Casalderrey-Solana, Jorge and Mehtar-Tani, Yacine and
                        Salgado, Carlos A. and Tywoniuk, Konrad",
      title          = "{New picture of jet quenching dictated by color
                        coherence}",
      journal        = "Phys. Lett.",
      volume         = "B725",
      year           = "2013",
      pages          = "357-360",
      doi            = "10.1016/j.physletb.2013.07.046",
      eprint         = "1210.7765",
      archivePrefix  = "arXiv",
      primaryClass   = "hep-ph",
      reportNumber   = "CERN-PH-TH-2012-291, LU-TP-12-37",
      SLACcitation   = "%%CITATION = ARXIV:1210.7765;%%"
}

@article{Beraudo:2012bq,
      author         = "Beraudo, Andrea and Milhano, Jose Guilherme and
                        Wiedemann, Urs Achim",
      title          = "{The Contribution of Medium-Modified Color Flow to Jet
                        Quenching}",
      journal        = "JHEP",
      volume         = "07",
      year           = "2012",
      pages          = "144",
      doi            = "10.1007/JHEP07(2012)144",
      eprint         = "1204.4342",
      archivePrefix  = "arXiv",
      primaryClass   = "hep-ph",
      reportNumber   = "CERN-PH-TH-2012-100",
      SLACcitation   = "%%CITATION = ARXIV:1204.4342;%%"
}

@article{Beraudo:2011bh,
      author         = "Beraudo, Andrea and Milhano, Jose Guilherme and
                        Wiedemann, Urs Achim",
      title          = "{Medium-induced color flow softens hadronization}",
      journal        = "Phys. Rev.",
      volume         = "C85",
      year           = "2012",
      pages          = "031901",
      doi            = "10.1103/PhysRevC.85.031901",
      eprint         = "1109.5025",
      archivePrefix  = "arXiv",
      primaryClass   = "hep-ph",
      SLACcitation   = "%%CITATION = ARXIV:1109.5025;%%"
}

@article{Aurenche:2011rd,
      author         = "Aurenche, P. and Zakharov, B. G.",
      title          = "{Jet color chemistry and anomalous baryon production in
                        $AA$-collisions}",
      journal        = "Eur. Phys. J.",
      volume         = "C71",
      year           = "2011",
      pages          = "1829",
      doi            = "10.1140/epjc/s10052-011-1829-5",
      eprint         = "1109.6819",
      archivePrefix  = "arXiv",
      primaryClass   = "hep-ph",
      SLACcitation   = "%%CITATION = ARXIV:1109.6819;%%"
}

@inproceedings{Tachibana:2018yae,
      author         = "Tachibana, Y. and others",
      title          = "{Jet substructure modification in a QGP from a
                        multi-scale description of jet evolution with JETSCAPE}",
      collaboration  = "JETSCAPE",
      year           = "2018",
      eprint         = "1812.06366",
      archivePrefix  = "arXiv",
      primaryClass   = "nucl-th",
      SLACcitation   = "%%CITATION = ARXIV:1812.06366;%%"
}

@article{Acharya:2018uvf,
      author         = "Acharya, Shreyasi and others",
      title          = "{Medium modification of the shape of small-radius jets in
                        central Pb-Pb collisions at $\sqrt{s_{\mathrm {NN}}} =
                        2.76\,\rm{TeV}$}",
      collaboration  = "ALICE",
      journal        = "JHEP",
      volume         = "10",
      year           = "2018",
      pages          = "139",
      doi            = "10.1007/JHEP10(2018)139",
      eprint         = "1807.06854",
      archivePrefix  = "arXiv",
      primaryClass   = "nucl-ex",
      reportNumber   = "CERN-EP-2018-201",
      SLACcitation   = "%%CITATION = ARXIV:1807.06854;%%"
}

@article{Chatrchyan:2014ava,
      author         = "Chatrchyan, Serguei and others",
      title          = "{Measurement of jet fragmentation in PbPb and pp
                        collisions at $\sqrt{s_{NN}}=2.76$ TeV}",
      collaboration  = "CMS",
      journal        = "Phys. Rev.",
      volume         = "C90",
      year           = "2014",
      number         = "2",
      pages          = "024908",
      doi            = "10.1103/PhysRevC.90.024908",
      eprint         = "1406.0932",
      archivePrefix  = "arXiv",
      primaryClass   = "nucl-ex",
      reportNumber   = "CMS-HIN-12-013, CERN-PH-EP-2014-100",
      SLACcitation   = "%%CITATION = ARXIV:1406.0932;%%"
}

@article{atlasQuarkGluonJet,
  author         = "Aad, Georges and others",
  title          = "{Light-quark and gluon jet discrimination in $pp$
    collisions at $\sqrt{s}=7\mathrm {\ TeV}$ with the ATLAS
    detector}",
collaboration  = "ATLAS",
journal        = "Eur. Phys. J.",
volume         = "C74",
year           = "2014",
number         = "8",
pages          = "3023",
doi            = "10.1140/epjc/s10052-014-3023-z",
eprint         = "1405.6583",
archivePrefix  = "arXiv",
primaryClass   = "hep-ex",
reportNumber   = "CERN-PH-EP-2014-058",
SLACcitation   = "%%CITATION = ARXIV:1405.6583;%%"
}

@article{thorstenBiasProceedings,
  author         = "Renk, Thorsten",
  title          = "{Jet correlations — opportunities and pitfalls}",
  booktitle      = "{Proceedings, 6th International Conference on Hard and
    Electromagnetic Probes of High-Energy Nuclear Collisions
    (Hard Probes 2013): Cape Town, South Africa, November 4-8,
    2013}",
journal        = "Nucl. Phys.",
volume         = "A932",
year           = "2014",
pages          = "334-341",
doi            = "10.1016/j.nuclphysa.2014.09.066",
eprint         = "1404.0793",
archivePrefix  = "arXiv",
primaryClass   = "hep-ph",
SLACcitation   = "%%CITATION = ARXIV:1404.0793;%%"
}

@article{Renk:2011wp,
  author         = "Renk, Thorsten and Eskola, Kari J.",
  title          = "{Hard dihadron correlations in heavy-ion collisions at
    RHIC and LHC}",
journal        = "Phys. Rev.",
volume         = "C84",
year           = "2011",
pages          = "054913",
doi            = "10.1103/PhysRevC.84.054913",
eprint         = "1106.1740",
archivePrefix  = "arXiv",
primaryClass   = "hep-ph",
SLACcitation   = "%%CITATION = ARXIV:1106.1740;%%"
}

@article{eventGenerators,
  author         = "Buckley, Andy and others",
  title          = "{General-purpose event generators for LHC physics}",
  journal        = "Phys. Rept.",
  volume         = "504",
  year           = "2011",
  pages          = "145-233",
  doi            = "10.1016/j.physrep.2011.03.005",
  eprint         = "1101.2599",
  archivePrefix  = "arXiv",
  primaryClass   = "hep-ph",
  reportNumber   = "CAVENDISH-HEP-10-21, CERN-PH-TH-2010-298, DCPT-10-202,
  HD-THEP-10-24, IPPP-10-101, KA-TP-40-2010, LU-TP-10-28,
  MAN-HEP-2010-23, MCNET-11-01, SLAC-PUB-14333,
  --HD-THEP-10-24, --MCNET-11-01",
  SLACcitation   = "%%CITATION = ARXIV:1101.2599;%%"
}

@article{jetBroadeningPpb1,
  author         = "Baier, R. and Dokshitzer, Yuri L. and Mueller, Alfred H.
    and Peigne, S. and Schiff, D.",
  title          = "{Radiative energy loss and p(T) broadening of high-energy
    partons in nuclei}",
journal        = "Nucl. Phys.",
volume         = "B484",
year           = "1997",
pages          = "265-282",
doi            = "10.1016/S0550-3213(96)00581-0",
eprint         = "hep-ph/9608322",
archivePrefix  = "arXiv",
primaryClass   = "hep-ph",
reportNumber   = "CU-TP-760, BI-TP-96-26, LPTHE-ORSAY-96-61",
SLACcitation   = "%%CITATION = HEP-PH/9608322;%%"
}
@article{aliceBackgroundFluctuation,
  author         = "Abelev, Betty and others",
  title          = "{Measurement of Event Background Fluctuations for Charged
    Particle Jet Reconstruction in Pb-Pb collisions at
    $\sqrt{s_{NN}} = 2.76$ TeV}",
collaboration  = "ALICE",
journal        = "JHEP",
volume         = "03",
year           = "2012",
pages          = "053",
doi            = "10.1007/JHEP03(2012)053",
eprint         = "1201.2423",
archivePrefix  = "arXiv",
primaryClass   = "hep-ex",
reportNumber   = "CERN-PH-EP-2012-002",
SLACcitation   = "%%CITATION = ARXIV:1201.2423;%%"
}

@article{jetBroadeningAA,
  author         = "Salgado, Carlos A. and Wiedemann, Urs Achim",
  title          = "{Medium modification of jet shapes and jet
    multiplicities}",
journal        = "Phys. Rev. Lett.",
volume         = "93",
year           = "2004",
pages          = "042301",
doi            = "10.1103/PhysRevLett.93.042301",
eprint         = "hep-ph/0310079",
archivePrefix  = "arXiv",
primaryClass   = "hep-ph",
reportNumber   = "CERN-TH-2003-244",
SLACcitation   = "%%CITATION = HEP-PH/0310079;%%"
}

@article{antiangularOrdering,
  author         = "Mehtar-Tani, Yacine and Salgado, Carlos A. and Tywoniuk,
  Konrad",
  title          = "{Anti-angular ordering of gluon radiation in QCD media}",
  journal        = "Phys. Rev. Lett.",
  volume         = "106",
  year           = "2011",
  pages          = "122002",
  doi            = "10.1103/PhysRevLett.106.122002",
  eprint         = "1009.2965",
  archivePrefix  = "arXiv",
  primaryClass   = "hep-ph",
  SLACcitation   = "%%CITATION = ARXIV:1009.2965;%%"
}

@article{jetShapeQGP,
  author         = "Chien, Yang-Ting and Vitev, Ivan",
  title          = "{Towards the understanding of jet shapes and cross
    sections in heavy ion collisions using soft-collinear
    effective theory}",
journal        = "JHEP",
volume         = "05",
year           = "2016",
pages          = "023",
doi            = "10.1007/JHEP05(2016)023",
eprint         = "1509.07257",
archivePrefix  = "arXiv",
primaryClass   = "hep-ph",
SLACcitation   = "%%CITATION = ARXIV:1509.07257;%%"
}

@article{phenixJtPAu,
  author         = "Adler, S. S. and others",
  title          = "{Jet structure from dihadron correlations in d+Au
    collisions at s(NN)**(1/2) = 200-GeV}",
collaboration  = "PHENIX",
journal        = "Phys. Rev.",
volume         = "C73",
year           = "2006",
pages          = "054903",
doi            = "10.1103/PhysRevC.73.054903",
eprint         = "nucl-ex/0510021",
archivePrefix  = "arXiv",
primaryClass   = "nucl-ex",
SLACcitation   = "%%CITATION = NUCL-EX/0510021;%%"
}

@article{pythiaMonashTune,
  author         = "Skands, Peter and Carrazza, Stefano and Rojo, Juan",
  title          = "{Tuning PYTHIA 8.1: the Monash 2013 Tune}",
  journal        = "Eur. Phys. J.",
  volume         = "C74",
  year           = "2014",
  number         = "8",
  pages          = "3024",
  doi            = "10.1140/epjc/s10052-014-3024-y",
  eprint         = "1404.5630",
  archivePrefix  = "arXiv",
  primaryClass   = "hep-ph",
  reportNumber   = "CERN-PH-TH-2014-069, MCNET-14-08, OUTP-14-05P",
  SLACcitation   = "%%CITATION = ARXIV:1404.5630;%%"
}

@article{pythia4CTune,
  author         = "Corke, Richard and Sjostrand, Torbjorn",
  title          = "{Interleaved Parton Showers and Tuning Prospects}",
  journal        = "JHEP",
  volume         = "03",
  year           = "2011",
  pages          = "032",
  doi            = "10.1007/JHEP03(2011)032",
  eprint         = "1011.1759",
  archivePrefix  = "arXiv",
  primaryClass   = "hep-ph",
  reportNumber   = "LU-TP-10-26, MCNET-10-20",
  SLACcitation   = "%%CITATION = ARXIV:1011.1759;%%"
}

@inproceedings{dpmjet,
  author         = "Roesler, Stefan and Engel, Ralph and Ranft, Johannes",
  title          = "{The Monte Carlo event generator DPMJET-III}",
  booktitle      = "{Advanced Monte Carlo for radiation physics, particle
    transport simulation and applications. Proceedings,
  Conference, MC2000, Lisbon, Portugal, October 23-26,
  2000}",
url            = "http://www-public.slac.stanford.edu/sciDoc/docMeta.aspx?slacPubNumber=SLAC-PUB-8740",
year           = "2000",
pages          = "1033-1038",
doi            = "10.1007/978-3-642-18211-2_166",
eprint         = "hep-ph/0012252",
archivePrefix  = "arXiv",
primaryClass   = "hep-ph",
reportNumber   = "SLAC-PUB-8740",
SLACcitation   = "%%CITATION = HEP-PH/0012252;%%"
}

@article{geant,
  author         = "Brun, René and Bruyant, F. and Carminati, Federico and
    Giani, Simone and Maire, M. and McPherson, A. and Patrick,
  G. and Urban, L.",
  title          = "{GEANT Detector Description and Simulation Tool}",
  doi            = "10.17181/CERN.MUHF.DMJ1",
  year           = "1994",
  reportNumber   = "CERN-W5013, CERN-W-5013, W5013, W-5013",
  SLACcitation   = "%%CITATION = CERN-W5013;%%",
  Url           = {http://cds.cern.ch/record/1082634}
}

@article{pythiaBig,
  author         = "Sjostrand, Torbjorn and Mrenna, Stephen and Skands, Peter
    Z.",
  title          = "{PYTHIA 6.4 Physics and Manual}",
  journal        = "JHEP",
  volume         = "05",
  year           = "2006",
  pages          = "026",
  doi            = "10.1088/1126-6708/2006/05/026",
  eprint         = "hep-ph/0603175",
  archivePrefix  = "arXiv",
  primaryClass   = "hep-ph",
  reportNumber   = "FERMILAB-PUB-06-052-CD-T, LU-TP-06-13",
  SLACcitation   = "%%CITATION = HEP-PH/0603175;%%"
}

@article{introCgc,
  author         = "McLerran, Larry D. and Venugopalan, Raju",
  title          = "{Computing quark and gluon distribution functions for
    very large nuclei}",
journal        = "Phys. Rev.",
volume         = "D49",
year           = "1994",
pages          = "2233-2241",
doi            = "10.1103/PhysRevD.49.2233",
eprint         = "hep-ph/9309289",
archivePrefix  = "arXiv",
primaryClass   = "hep-ph",
reportNumber   = "TPI-MINN-93-44-T, NUC-MINN-93-24-T, HEP-UMN-TH-1220-93",
SLACcitation   = "%%CITATION = HEP-PH/9309289;%%"
}

@article{eps09,
  author         = "Eskola, K. J. and Paukkunen, H. and Salgado, C. A.",
  title          = "{EPS09: A New Generation of NLO and LO Nuclear Parton
    Distribution Functions}",
journal        = "JHEP",
volume         = "04",
year           = "2009",
pages          = "065",
doi            = "10.1088/1126-6708/2009/04/065",
eprint         = "0902.4154",
archivePrefix  = "arXiv",
primaryClass   = "hep-ph",
SLACcitation   = "%%CITATION = ARXIV:0902.4154;%%"
}

@article{protonNucleusOpportunities,
  author         = "Salgado, C. A. and others",
  title          = "{Proton-Nucleus Collisions at the LHC: Scientific
    Opportunities and Requirements}",
journal        = "J. Phys.",
volume         = "G39",
year           = "2012",
pages          = "015010",
doi            = "10.1088/0954-3899/39/1/015010",
eprint         = "1105.3919",
archivePrefix  = "arXiv",
primaryClass   = "hep-ph",
reportNumber   = "CERN-PH-TH-2011-119, LHC-PROJECT-REPORT-1181,
FERMILAB-PUB-11-841-T",
SLACcitation   = "%%CITATION = ARXIV:1105.3919;%%"
}

@article{spectrumReferencepPb,
  author         = "Abelev, Betty Bezverkhny and others",
  title          = "{Transverse momentum dependence of inclusive primary
    charged-particle production in p-Pb collisions at
    $\sqrt{s_\mathrm{{NN}}}=5.02~\text {TeV}$}",
collaboration  = "ALICE",
journal        = "Eur. Phys. J.",
volume         = "C74",
year           = "2014",
number         = "9",
pages          = "3054",
doi            = "10.1140/epjc/s10052-014-3054-5",
eprint         = "1405.2737",
archivePrefix  = "arXiv",
primaryClass   = "nucl-ex",
reportNumber   = "CERN-PH-EP-2014-088",
SLACcitation   = "%%CITATION = ARXIV:1405.2737;%%"
}

@article{spectrumReferencePp,
  author         = "Abelev, Betty Bezverkhny and others",
  title          = "{Energy Dependence of the Transverse Momentum
    Distributions of Charged Particles in pp Collisions
    Measured by ALICE}",
collaboration  = "ALICE",
journal        = "Eur. Phys. J.",
volume         = "C73",
year           = "2013",
number         = "12",
pages          = "2662",
doi            = "10.1140/epjc/s10052-013-2662-9",
eprint         = "1307.1093",
archivePrefix  = "arXiv",
primaryClass   = "nucl-ex",
reportNumber   = "CERN-PH-EP-2013-109",
SLACcitation   = "%%CITATION = ARXIV:1307.1093;%%"
}

@Article{Azimov1985,
  author="Azimov, Ya. I.
    and Dokshitzer, Y. L.
    and Khoze, V. A.
    and Trovan, S. I.",
  title="Similarity of parton and hadron spectra in QCD jets",
  journal="Zeitschrift f{\"u}r Physik C Particles and Fields",
  year="1985",
  month="Mar",
  day="01",
  volume="27",
  number="1",
  pages="65--72",
  abstract="A possible existence of the local correspondence between parton and hadron distributions in hard processes (local parton-hadron duality) is discussed. First comparison is made to check up local duality at modern energies. It is shown, in particular, that an account of essential single-logarithmic corrections to leading double-logarithmic approximation proves sufficient to fit $\pi${\textpm} spectra ine+e− annihilation atW≳20GeV by theoretical perturbative spectra of QCD partons. Rapidity spectra versus the normalized rapidity appear to be similar for $\pi$,K, p. Further tests of local duality as well as effects of chromodynamical coherence are suggested.",
  issn="1431-5858",
  doi="10.1007/BF01642482",
  url="https://doi.org/10.1007/BF01642482"
}

@article{Abelev:2013qoq,
      author         = "Abelev, Betty and others",
      title          = "{Centrality determination of Pb-Pb collisions at
                        $\sqrt{s_{NN}}$ = 2.76 TeV with ALICE}",
      collaboration  = "ALICE",
      journal        = "Phys. Rev.",
      volume         = "C88",
      year           = "2013",
      number         = "4",
      pages          = "044909",
      doi            = "10.1103/PhysRevC.88.044909",
      eprint         = "1301.4361",
      archivePrefix  = "arXiv",
      primaryClass   = "nucl-ex",
      reportNumber   = "CERN-PH-EP-2012-368",
      SLACcitation   = "%%CITATION = ARXIV:1301.4361;%%"
}



