% !TEX encoding = utf8

@article{Adcox:2004mh,
    author         = "Adcox, K. and others",
    title          = "{Formation of dense partonic matter in relativistic
        nucleus-nucleus collisions at RHIC: Experimental
        evaluation by the PHENIX collaboration}",
    collaboration  = "PHENIX Collaboration",
    journal        = "Nucl.Phys.",
    volume         = "A757",
    pages          = "184-283",
    doi            = "10.1016/j.nuclphysa.2005.03.086",
    year           = "2005",
    eprint         = "nucl-ex/0410003",
    archivePrefix  = "arXiv",
    primaryClass   = "nucl-ex",
    SLACcitation   = "%%CITATION = NUCL-EX/0410003;%%",
}

@article{Fruhwirth:1987fm,
      author         = "Fruhwirth, R.",
      title          = "{Application of Kalman filtering to track and vertex
                        fitting}",
      journal        = "Nucl. Instrum. Meth.",
      volume         = "A262",
      year           = "1987",
      pages          = "444-450",
      doi            = "10.1016/0168-9002(87)90887-4",
      reportNumber   = "HEPHY-PUB-87-503",
      SLACcitation   = "%%CITATION = NUIMA,A262,444;%%"
}

@article{Adam:2014qja,
      author         = "Adam, Jaroslav and others",
      title          = "{Centrality dependence of particle production in p-Pb
                        collisions at $\sqrt{s_{\rm NN} }$= 5.02 TeV}",
      collaboration  = "ALICE",
      journal        = "Phys. Rev.",
      volume         = "C91",
      year           = "2015",
      number         = "6",
      pages          = "064905",
      doi            = "10.1103/PhysRevC.91.064905",
      eprint         = "1412.6828",
      archivePrefix  = "arXiv",
      primaryClass   = "nucl-ex",
      reportNumber   = "CERN-PH-EP-2014-281",
      SLACcitation   = "%%CITATION = ARXIV:1412.6828;%%"
}

@article{Adams:2005dq,
    author         = "Adams, John and others",
    title          = "{Experimental and theoretical challenges in the search
        for the quark gluon plasma: The STAR Collaboration's
            critical assessment of the evidence from RHIC collisions}",
collaboration  = "STAR Collaboration",
journal        = "Nucl.Phys.",
volume         = "A757",
pages          = "102-183",
doi            = "10.1016/j.nuclphysa.2005.03.085",
year           = "2005",
eprint         = "nucl-ex/0501009",
archivePrefix  = "arXiv",
primaryClass   = "nucl-ex",
SLACcitation   = "%%CITATION = NUCL-EX/0501009;%%",
}

@article{Arsene:2004fa,
    author         = "Arsene, I. and others",
    title          = "{Quark gluon plasma and color glass condensate at RHIC?
        The Perspective from the BRAHMS experiment}",
collaboration  = "BRAHMS Collaboration",
journal        = "Nucl.Phys.",
volume         = "A757",
pages          = "1-27",
doi            = "10.1016/j.nuclphysa.2005.02.130",
year           = "2005",
eprint         = "nucl-ex/0410020",
archivePrefix  = "arXiv",
primaryClass   = "nucl-ex",
SLACcitation   = "%%CITATION = NUCL-EX/0410020;%%",
}
@article{Back:2004je,
    author         = "Back, B.B. and Baker, M.D. and Ballintijn, M. and Barton,
    D.S. and Becker, B. and others",
    title          = "{The PHOBOS perspective on discoveries at RHIC}",
    journal        = "Nucl.Phys.",
    volume         = "A757",
    pages          = "28-101",
    doi            = "10.1016/j.nuclphysa.2005.03.084",
    year           = "2005",
    eprint         = "nucl-ex/0410022",
    archivePrefix  = "arXiv",
    primaryClass   = "nucl-ex",
    SLACcitation   = "%%CITATION = NUCL-EX/0410022;%%",
}

@article{Collins:1975,
    author         = "Collins, J.C. and Perry, M.J.",
    title          = "Superdense Matter: Neutrons or Asymptotically Free Quarks?",
    journal        = "Phys. rev. Lett.",
    volume         = "34",
    pages          = "1353",
    year            = "1975"
}

@article{Ollitrault:1992,
    title = {Anisotropy as a signature of transverse collective flow},
    author = {Ollitrault, Jean-Yves},
    journal = {Phys. Rev. D},
    volume = {46},
    issue = {1},
    pages = {229--245},
    year = {1992},
    month = {Jul},
    doi = {10.1103/PhysRevD.46.229},
    url = {http://link.aps.org/doi/10.1103/PhysRevD.46.229},
    publisher = {American Physical Society}
}


@article{Ollitrault:1993,
    author         = "Ollitrault, Jean-Yves",
    title          = "{Determination of the reaction plane in ultrarelativistic nuclear collisions}",
    journal        = "Phys.Rev. D",
    volume         = "48",
    pages          = "1132-1139",
    doi            = "10.1103/PhysRevD.48.1132",
    year           = "1993",
    eprint         = "hep-ph/9303247",
    archivePrefix  = "arXiv",
    primaryClass   = "hep-ph",
    reportNumber   = "SACLAY-SPH-T-93-026",
    SLACcitation   = "%%CITATION = HEP-PH/9303247;%%",
}

@article{Heinz:2002,
    author = "U. Heinz and P. Kolb",
    title = "Early thermalization at RHIC",
    journal = "Nucl. Phys.",
    volume   =    "A702", 
    pages = "269",
    year = "2002"

}
@article{Shuryak:2009,
    author = "E. Shuryak", 
    title = "Physics of Strongly coupled Quark-Gluon Plasma",
    journal = "Prog. Part. Nucl. Phys.",
    volume = "62",
    pages = "48",
    year = "2009"
}

@article{Toia:2011,
    author = "A. Toia",
    title ="Bulk properties of Pb Pb collisions at  $\sqrt{s_{NN}}=\mathrm{2.76\; TeV}$ measured by ALICE",
    journal = "J. Phys. G: Nucl. Part. Phys.",
    pages ="38", 
    year ="2011",
}
@article{Shuryak:1980,
    author = "E. Shuryak", 
    title = "Quantum chromodynamics and the theory of superdense matter",
    journal = "Phys. Reps.",
    volume ="61", 
    pages ="71",
    year ="1980"
}

@article{Miller:2007ri,
    author         = "Miller, Michael L. and Reygers, Klaus and Sanders,
    Stephen J. and Steinberg, Peter",
    title          = "{Glauber modeling in high energy nuclear collisions}",
    journal        = "Ann.Rev.Nucl.Part.Sci.",
    volume         = "57",
    pages          = "205-243",
    doi            = "10.1146/annurev.nucl.57.090506.123020",
    year           = "2007",
    eprint         = "nucl-ex/0701025",
    archivePrefix  = "arXiv",
    primaryClass   = "nucl-ex",
    SLACcitation   = "%%CITATION = NUCL-EX/0701025;%%",
}

@article{Holopainen:2010gz,
    author         = "Holopainen, Hannu and Niemi, Harri and Eskola, Kari J.",
    title          = "{Event-by-event hydrodynamics and elliptic flow from
        fluctuating initial state}",
journal        = "Phys.Rev.",
volume         = "C83",
pages          = "034901",
doi            = "10.1103/PhysRevC.83.034901",
year           = "2011",
eprint         = "1007.0368",
archivePrefix  = "arXiv",
primaryClass   = "hep-ph",
reportNumber   = "INT-PUB-10-031",
SLACcitation   = "%%CITATION = ARXIV:1007.0368;%%",
}

@article{Voloshin:2008dg,
    author         = "Voloshin, Sergei A. and Poskanzer, Arthur M. and
        Snellings, Raimond",
    title          = "{Collective phenomena in non-central nuclear collisions}",
    year           = "2008",
    eprint         = "0809.2949",
    archivePrefix  = "arXiv",
    primaryClass   = "nucl-ex",
    SLACcitation   = "%%CITATION = ARXIV:0809.2949;%%",
}

@article{PLB708249264,
    author ="ALICE Collaboration",
    title ="Harmonic decomposition of two-particle angular correlations in Pb-Pb collisions at $\sqrt{s_{NN}}=\mathrm{2.76\; TeV}$",
    journal = " Phys.Lett.",
    volume = "B708",
    pages ="249-264",
    year ="2012"
}

@article{PRL106032301,
    author = "K. Aamodt {\it et al.} [ALICE Collaboration]",
    title ="Centrality dependence of the charged-particle multiplicity density at mid-rapidity in Pb√êPb collisions at $\sqrt{s_{NN}}=\mathrm{2.76\; TeV}$",
    journal ="Phys. Rev. Lett",
    volume ="106", 
    note ="032301",
    year = "2011",
}

@article{PRL107032301,
    author = "K. Aamodt {\it et al.}  [ALICE Collaboration]",
    title ="Higher harmonic anisotropic flow measurements of charged particles in Pb-Pb collisions at $\sqrt{s_{NN}}=\mathrm{2.76\; TeV}$",

    journal ="Phys. Rev. Lett.",
    volume ="107", 
    note ="032301",
    year ="2011",
}

@article{Aamodt:2011vg,
      author         = "Aamodt, K. and others",
      title          = "{Particle-yield modification in jet-like azimuthal
                        di-hadron correlations in Pb-Pb collisions at
                        $\sqrt{s_{NN}} = 2.76$ TeV}",
      collaboration  = "ALICE Collaboration",
      journal        = "Phys.Rev.Lett.",
      volume         = "108",
      pages          = "092301",
      doi            = "10.1103/PhysRevLett.108.092301",
      year           = "2012",
      eprint         = "1110.0121",
      archivePrefix  = "arXiv",
      primaryClass   = "nucl-ex",
      reportNumber   = "CERN-PH-EP-2011-161",
      SLACcitation   = "%%CITATION = ARXIV:1110.0121;%%",
}

@article{Lin:2004en,
    author         = "Lin, Zi-Wei and Ko, Che Ming and Li, Bao-An and Zhang,
    Bin and Pal, Subrata",
    title          = "{A Multi-phase transport model for relativistic heavy ion
        collisions}",
journal        = "Phys.Rev.",
volume         = "C72",
pages          = "064901",
doi            = "10.1103/PhysRevC.72.064901",
year           = "2005",
eprint         = "nucl-th/0411110",
archivePrefix  = "arXiv",
primaryClass   = "nucl-th",
SLACcitation   = "%%CITATION = NUCL-TH/0411110;%%",
}

@article{Xu:2011fi,
    author         = "Xu, Jun and Ko, Che Ming",
    title          = "{Pb-Pb collisions at $\sqrt{s_{NN}}=2.76$ TeV in a multiphase transport model}",
journal        = "Phys.Rev.",
volume         = "C83",
pages          = "034904",
doi            = "10.1103/PhysRevC.83.034904",
year           = "2011",
eprint         = "1101.2231",
archivePrefix  = "arXiv",
primaryClass   = "nucl-th",
SLACcitation   = "%%CITATION = ARXIV:1101.2231;%%",
}

@article{Wang:1991,
    author = "X-N. Wang and M Gyulassy",
    title="HIJING: A Monte Carlo model for multiple jet production in pp, pA, and AA collisions",
    journal ="Phys. Rev.",
    volume ="D 44", 
    note ="3501√ê3516",
    year ="1991"
}
@misc{pythiaweb,
    title ="Pythia website",
    url ="http://home.thep.lu.se/\~torbjorn/Pythia.html",
    howpublished = "\url{http://home.thep.lu.se/\~torbjorn/Pythia.html}"

}

@article{Sjostrand:1993yb,
    author ="T. Sjostrand",
    journal ="Comput.Phys.Commun.",
    volume = "82",
    pages ="74",
    year ="1994",
    SLACcitation = "%%CITATION = CPHCB,82,74;%%",
}

@article{d'Enterria:2009am,
    author         = "d'Enterria, David",
    title          = "{Jet quenching}",
    year           = "2009",
    eprint         = "0902.2011",
    archivePrefix  = "arXiv",
    primaryClass   = "nucl-ex",
    SLACcitation   = "%%CITATION = ARXIV:0902.2011;%%",
}

@misc{LHC12a11a,
    title ="ALICE repository",
    year="2012",
    url ="http://alimonitor.cern.ch/job\_details.jsp",
    howpublished = "\url{http://alimonitor.cern.ch/job\_details.jsp}"
}

%article{arxiv12055761}
@article{Abelev:2012di,
    author         = "Abelev, Betty and others",
    title          = "{Anisotropic flow of charged hadrons, pions and
        (anti-)protons measured at high transverse momentum in
        Pb-Pb collisions at $\sqrt{s_{NN}}=\mathrm{2.76\; TeV}$}",
    collaboration  = "ALICE Collaboration",
    journal        = "Phys.Lett.B",
    volume         = "719",
    pages          = "18-28",
    doi            = "10.1016/j.physletb.2012.12.066",
    year           = "2013",
    eprint         = "1205.5761",
    archivePrefix  = "arXiv",
    primaryClass   = "nucl-ex",
    reportNumber   = "CERN-PH-EP-2012-142",
    SLACcitation   = "%%CITATION = ARXIV:1205.5761;%%",
}

@article{Phenix2008,
    author ="A. Adare {\it et al.} [PHENIX Collaboration]",
    title ="Scaling Properties of Azimuthal Anisotropy in Au+ Au and Cu+Cu Collisions at  $\sqrt{s_{NN}}=200\mathrm{GeV}$",
    journal ="PRL",
    volume ="98", 
    note ="162301", 
    year ="2008",
}


@article{Lacey:2012ma,
    author         = "Lacey, Roy A. and Gu, Yi and Gong, X. and Reynolds, D.
        and Ajitanand, N.N. and others",
    title          = "{Does quark number scaling breakdown in Pb+Pb collisions
        at $\sqrt{s_{NN}}=\mathrm{2.76\; TeV}$}",
year           = "2012",
eprint         = "1207.1886",
archivePrefix  = "arXiv",
primaryClass   = "nucl-ex",
SLACcitation   = "%%CITATION = ARXIV:1207.1886;%%",
}

@article{Niemi:2012ry,
    author         = "Niemi, H. and Denicol, G.S. and Huovinen, P. and Molnar,
    E. and Rischke, D.H.",
    title          = "{Influence of a temperature-dependent shear viscosity on
        the azimuthal asymmetries of transverse momentum spectra
        in ultrarelativistic heavy-ion collisions}",
journal        = "Phys.Rev.",
volume         = "C86",
pages          = "014909",
doi            = "10.1103/PhysRevC.86.014909",
year           = "2012",
eprint         = "1203.2452",
archivePrefix  = "arXiv",
primaryClass   = "nucl-th",
SLACcitation   = "%%CITATION = ARXIV:1203.2452;%%",
}

%article{Snellings2011}
@article{Collaboration:2011yba,
    author         = "Snellings, Raimond",
    title          = "{Anisotropic flow at the LHC measured with the ALICE
        detector}",
    journal        = "J.Phys.",
    volume         = "G38",
    pages          = "124013",
    doi            = "10.1088/0954-3899/38/12/124013",
    year           = "2011",
    eprint         = "1106.6284",
    archivePrefix  = "arXiv",
    primaryClass   = "nucl-ex",
    SLACcitation   = "%%CITATION = ARXIV:1106.6284;%%",
}

%article{Jia2013}
@article{Jia:2013tja,
    author         = "Jia, Jiangyong and Mohapatra, Soumya",
    title          = "{Disentangling flow and nonflow correlations via Bayesian
        unfolding of the event-by-event distributions of harmonic
        coefficients in ultrarelativistic heavy-ion collisions}",
    journal        = "Phys.Rev.",
    volume         = "C88",
    pages          = "014907",
    doi            = "10.1103/PhysRevC.88.014907",
    year           = "2013",
    eprint         = "1304.1471",
    archivePrefix  = "arXiv",
    primaryClass   = "nucl-ex",
    SLACcitation   = "%%CITATION = ARXIV:1304.1471;%%",
}

@article{Jia:2012ve,
    author         = "Jia, Jiangyong",
    title          = "{Measurement of the distributions of event-by-event flow
        harmonics in Pb-Pb Collisions at $\sqrt{s_{NN}}=2.76$ TeV
        with the ATLAS detector}",
collaboration  = "ATLAS Collaboration",
journal        = "Nucl.Phys.A904-905",
volume         = "2013",
pages          = "421c-424c",
doi            = "10.1016/j.nuclphysa.2013.02.039",
year           = "2013",
eprint         = "1209.4232",
archivePrefix  = "arXiv",
primaryClass   = "nucl-ex",
SLACcitation   = "%%CITATION = ARXIV:1209.4232;%%",
}

@misc{rooUnfold,
    title ="RooUnfold: ROOT Unfolding Framework",
    year ="2013",
    url ="http://hepunx.rl.ac.uk/~adye/software/unfold/RooUnfold.html",
    howpublished = "\url{http://hepunx.rl.ac.uk/~adye/software/unfold/RooUnfold.html}"

}

@article{Molnar:2003ff,
    author         = "Molnar, Denes and Voloshin, Sergei A.",
    title          = "{Elliptic flow at large transverse momenta from quark
        coalescence}",
journal        = "Phys.Rev.Lett.",
volume         = "91",
pages          = "092301",
doi            = "10.1103/PhysRevLett.91.092301",
year           = "2003",
eprint         = "nucl-th/0302014",
archivePrefix  = "arXiv",
primaryClass   = "nucl-th",
SLACcitation   = "%%CITATION = NUCL-TH/0302014;%%",
}

@article{dagostini1995,
    author      =   "G. D'Agostini",
    title       =   "A multidimensional unfolding method based on Bayes' theorem",
    journal     =   "Nucl. Instrum. Meth. A",
    volume      =   "362",
    pages       =   "487-498",
    year        =   "1995" 
}

@article{Aamodt:2010pa,
    author         = "Aamodt, K and others",
    title          = "{Elliptic flow of charged particles in Pb-Pb collisions
        at 2.76 TeV}",
collaboration  = "ALICE Collaboration",
journal        = "Phys.Rev.Lett.",
volume         = "105",
pages          = "252302",
doi            = "10.1103/PhysRevLett.105.252302",
year           = "2010",
eprint         = "1011.3914",
archivePrefix  = "arXiv",
primaryClass   = "nucl-ex",
SLACcitation   = "%%CITATION = ARXIV:1011.3914;%%",
}

@article{Song:2013qma,
    author         = "Song, Huichao and Bass, Steffen and Heinz, Ulrich W.",
    title          = "{Spectra and elliptic flow for identified hadrons in 2.76
        A TeV Pb+Pb collisions}",
year           = "2013",
eprint         = "1311.0157",
archivePrefix  = "arXiv",
primaryClass   = "nucl-th",
SLACcitation   = "%%CITATION = ARXIV:1311.0157;%%",
}

@article{PhysRevC.88.044909,
    title = {Centrality determination of Pb-Pb collisions at $\sqrt{{s}_{NN}}=2.76$ TeV with ALICE},
    author = "",
    collaboration = {ALICE Collaboration},
    journal = {Phys. Rev. C},
    volume = {88},
    issue = {4},
    pages = {044909},
    numpages = {22},
    year = {2013},
    month = {Oct},
    doi = {10.1103/PhysRevC.88.044909},
    url = {http://link.aps.org/doi/10.1103/PhysRevC.88.044909},
    publisher = {American Physical Society}
}

@MastersThesis{Snellman:2012,
    author = "Snellman, T.",
    type = "Bachelor's thesis",
    title = "Event Plane Determination and Fluctuating Events in Heavy-Ion Collisions",
    school = "University of Jyv√§skyl√§",
    address = "Finland",
    year = "2012"
}

@article{Heisenberg:1932,
    author = "Heisenberg, W",
    title = "Uber den Bay der Atomkerne",
    journal = "Zeitschrift f{\"u}r Physik",
    volume = "77",
    pages = "1-11",
    year = "1932"
}

@article{Bjorklund:1950,
    author = "R. Bjorklund and W.E. Crandall and B. J. Moyer and H.F. York",
    title = "High Energy Photons from Proton-Nucleon Collisions",
    journal ="Phys. Review",
    volume =     "77",
    issue = "2",
    pages ="213-218",
    year=  "1950"
}

@article{Gell-Mann:1962,
    author = "M. Gell-Mann",
    title =  "Symmetries of Baryons and Mesons",
    journal = "Phys. Rev.",
    volume = "125", 
    pages = "1067",
    year = "1962"
}

@article{Gell-Mann:1964,
    author ="M. Gell-Mann",
    title = "A Schematic Model of Baryons and Mesons",
    journal ="Phys. Lett.",
    volume ="8", 
    pages = "214",
    year = "1964"
}
@article{Ne'eman:1961,
    author = "Y. Ne'eman",
    title = "Derivation of strong interactions from a gauge invariance",
    journal = "Nucl. Phys.",
    volume =  "26",
    pages ="222.",
    year = "1961"
}

@article{Greenberg:1964,
    author = "O.W. Greenberg",
    title = "Spin and Unitary Spin Independence in a Paraquark Model of Baryons and Mesons",
    journal = "Phys. Rev. Lett.",
    volume = "13", 
    pages = "598-602",
    year = "1964"
}

@article{Williams:1988sg,
    author         = "Williams, D. and others",
    title          = "{Formation of the Pseudoscalars $\pi^0$, $\eta$ and
        $\eta^\prime$ in the Reaction $\gamma \gamma \to \gamma
        \gamma$}",
collaboration  = "Crystal Ball Collaboration",
journal        = "Phys.Rev.",
volume         = "D38",
pages          = "1365",
doi            = "10.1103/PhysRevD.38.1365",
year           = "1988",
reportNumber   = "SLAC-PUB-4573, DESY 88/033",
SLACcitation   = "%%CITATION = PHRVA,D38,1365;%%",
}

@article{Chatrchyan:2013kba,
    author         = "Chatrchyan, Serguei and others",
    title          = "{Measurement of higher-order harmonic azimuthal
        anisotropy in PbPb collisions at a nucleon-nucleon
        center-of-mass energy of 2.76 TeV}",
collaboration  = "CMS Collaboration",
year           = "2013",
eprint         = "1310.8651",
archivePrefix  = "arXiv",
primaryClass   = "nucl-ex",
reportNumber   = "CMS-HIN-11-005, CERN-PH-EP-2013-196",
SLACcitation   = "%%CITATION = ARXIV:1310.8651;%%",
}

@misc{Glauber:1959,
    author =  "Glauber, RJ.",
    year= "1959",
    title = "Lectures in Theoretical Physics",
}

, ed. WE Brittin
and LG Dunham, 1:315. New York: Interscience

@article{Czyz:1969,
    title = "High energy, small angle elastic scattering of strongly interacting composite particles ",
    journal = "Annals of Physics ",
    volume = "52",
    number = "1",
    pages = "59 - 121",
    year = "1969",
    note = "",
    issn = "0003-4916",
    doi = "http://dx.doi.org/10.1016/0003-4916(69)90321-2",
    url = "http://www.sciencedirect.com/science/article/pii/0003491669903212",
    author = "W. Czy≈º and L.C. Maximon"
}

@article{Romatschke:2009im,
    author         = "Romatschke, Paul",
    title          = "{New Developments in Relativistic Viscous Hydrodynamics}",
    journal        = "Int.J.Mod.Phys.",
    volume         = "E19",
    pages          = "1-53",
    doi            = "10.1142/S0218301310014613",
    year           = "2010",
    eprint         = "0902.3663",
    archivePrefix  = "arXiv",
    primaryClass   = "hep-ph",
    reportNumber   = "INT-PUB-09-010",
    SLACcitation   = "%%CITATION = ARXIV:0902.3663;%%",
}

@article{Chatrchyan:2012xq,
    author         = "Chatrchyan, Serguei and others",
    title          = "{Azimuthal anisotropy of charged particles at high transverse momenta in PbPb collisions at $\sqrt{s_{NN}}=2.76$ TeV}",
    collaboration  = "CMS Collaboration",
    journal        = "Phys.Rev.Lett.",
    volume         = "109",
    pages          = "022301",
    doi            = "10.1103/PhysRevLett.109.022301",
    year           = "2012",
    eprint         = "1204.1850",
    archivePrefix  = "arXiv",
    primaryClass   = "nucl-ex",
    reportNumber   = "CMS-HIN-11-012, CERN-PH-EP-2012-096",
    SLACcitation   = "%%CITATION = ARXIV:1204.1850;%%",
}

@article{Chatrchyan:2012ta,
    author         = "Chatrchyan, Serguei and others",
    title          = "{Measurement of the elliptic anisotropy of charged particles produced in PbPb collisions at nucleon-nucleon center-of-mass energy = 2.76 TeV}",
    collaboration  = "CMS Collaboration",
    journal        = "Phys.Rev.",
    volume         = "C87",
    pages          = "014902",
    doi            = "10.1103/PhysRevC.87.014902",
    year           = "2013",
    eprint         = "1204.1409",
    archivePrefix  = "arXiv",
    primaryClass   = "nucl-ex",
    reportNumber   = "CMS-HIN-10-002, CERN-PH-EP-2012-095",
    SLACcitation   = "%%CITATION = ARXIV:1204.1409;%%",
}

@article{Voloshin:1994mz,
    author         = "Voloshin, S. and Zhang, Y.",
    title          = "{Flow study in relativistic nuclear collisions by Fourier expansion of Azimuthal particle distributions}",
    journal        = "Z.Phys.",
    volume         = "C70",
    pages          = "665-672",
    doi            = "10.1007/s002880050141",
    year           = "1996",
    eprint         = "hep-ph/9407282",
    archivePrefix  = "arXiv",
    primaryClass   = "hep-ph",
    SLACcitation   = "%%CITATION = HEP-PH/9407282;%%",
}

@article{danielewicz:1985,
    title={Transverse momentum analysis of collective motion in relativistic nuclear collisions},
    author={Danielewicz, P and Odyniec, G},
    journal={Physics Letters B},
    volume={157},
    number={2},
    pages={146--150},
    year={1985},
    publisher={Elsevier}
}

@article{Danielewicz:1983283,
    title = "Jacobian free global event analysis ",
    journal = "Physics Letters B ",
    volume = "129",
    number = "5",
    pages = "283 - 288",
    year = "1983",
    note = "",
    issn = "0370-2693",
    doi = "http://dx.doi.org/10.1016/0370-2693(83)90666-4",
    url = "http://www.sciencedirect.com/science/article/pii/0370269383906664",
    author = "P. Danielewicz and M. Gyulassy"
}

@article{PhysRevLett.70.1393,
    title = {Azimuthal asymmetries of particles emitted in relativistic heavy-ion collisions},
    author = {Abbott, T. and Akiba, Y. and Beavis, D. and Bloomer, M. A. and Bond, P. D. and Chasman, C. and Chen, Z. and Chu, Y. Y. and Cole, B. A. and Costales, J. B. and Crawford, H. J. and Cumming, J. B. and Debbe, R. and Duek, E. and Engelage, J. and Fung, S. Y. and Gushue, S. and Hamagaki, H. and Hansen, O. and Hayano, R. S. and Hayashi, S. and Haustein, P. E. and Homma, S. and Huang, H. Z. and Ikeda, Y. and Juricic, I. and Kang, J. and Katcoff, S. and Kaufman, S. and Kimura, K. and Kitamura, K. and Kurita, K. and Ledoux, R. J. and LeVine, M. J. and Miake, Y. and Morse, R. J. and Moskowitz, B. and Nagamiya, S. and Olness, J. and Parsons, C. G. and Remsberg, L. P. and Sakurai, H. and Sarabura, M. and Stankus, P. and Steadman, S. G. and Stephans, G. S. F. and Sugitate, T. and Tannenbaum, M. J. and van Dijk, J. H. and Videbaek, F. and Vient, M. and Vincent, P. and Vutsadakis, V. and Wegner, H. E. and Woodruff, D. S. and Wu, Y. D. and Zajc, W.},
    journal = {Phys. Rev. Lett.},
    volume = {70},
    issue = {10},
    pages = {1393--1396},
    year = {1993},
    month = {Mar},
    doi = {10.1103/PhysRevLett.70.1393},
    url = {http://link.aps.org/doi/10.1103/PhysRevLett.70.1393},
    publisher = {American Physical Society}
}

@article{Barrette:1994xr,
    author         = "Barrette, J. and others",
    title          = "{Observation of anisotropic event shapes and transverse flow in Au + Au collisions at AGS energy}",
    collaboration  = "E877 Collaboration",
    journal        = "Phys.Rev.Lett.",
    volume         = "73",
    pages          = "2532-2535",
    doi            = "10.1103/PhysRevLett.73.2532",
    year           = "1994",
    eprint         = "hep-ex/9405003",
    archivePrefix  = "arXiv",
    primaryClass   = "hep-ex",
    reportNumber   = "SUNY-RHI-94-08",
    SLACcitation   = "%%CITATION = HEP-EX/9405003;%%",
}


@article{Baier:1996kr,
    author         = "Baier, R. and Dokshitzer, Yuri L. and Mueller, Alfred H. and Peigne, S. and Schiff, D.",
    title          = "{Radiative energy loss of high-energy quarks and gluons in a finite volume quark - gluon plasma}",
    journal        = "Nucl.Phys.",
    volume         = "B483",
    pages          = "291-320",
    doi            = "10.1016/S0550-3213(96)00553-6",
    year           = "1997",
    eprint         = "hep-ph/9607355",
    archivePrefix  = "arXiv",
    primaryClass   = "hep-ph",
    reportNumber   = "BI-TP-96-21, CUTP-759, LPTHE-ORSAY-96-34",
    SLACcitation   = "%%CITATION = HEP-PH/9607355;%%",
}

@article{Zakharov:1996fv,
    author         = "Zakharov, B.G.",
    title          = "{Fully quantum treatment of the Landau-Pomeranchuk-Migdal effect in QED and QCD}",
    journal        = "JETP Lett.",
    volume         = "63",
    pages          = "952-957",
    doi            = "10.1134/1.567126",
    year           = "1996",
    eprint         = "hep-ph/9607440",
    archivePrefix  = "arXiv",
    primaryClass   = "hep-ph",
    SLACcitation   = "%%CITATION = HEP-PH/9607440;%%",
}

@article{Baier:1998kq,
    author         = "Baier, R. and Dokshitzer, Yuri L. and Mueller, Alfred H.
        and Schiff, D.",
    title          = "{Medium induced radiative energy loss: Equivalence
        between the BDMPS and Zakharov formalisms}",
journal        = "Nucl.Phys.",
volume         = "B531",
pages          = "403-425",
doi            = "10.1016/S0550-3213(98)00546-X",
year           = "1998",
eprint         = "hep-ph/9804212",
archivePrefix  = "arXiv",
primaryClass   = "hep-ph",
reportNumber   = "BI-TP-98-06, IFUM-617-FT, CU-TP-886, LPTHE-ORSAY-98-19",
SLACcitation   = "%%CITATION = HEP-PH/9804212;%%",
}

@article{Salgado:2003gb,
    author         = "Salgado, Carlos A. and Wiedemann, Urs Achim",
    title          = "{Calculating quenching weights}",
    journal        = "Phys.Rev.",
    volume         = "D68",
    pages          = "014008",
    doi            = "10.1103/PhysRevD.68.014008",
    year           = "2003",
    eprint         = "hep-ph/0302184",
    archivePrefix  = "arXiv",
    primaryClass   = "hep-ph",
    reportNumber   = "CERN-TH-2003-030",
    SLACcitation   = "%%CITATION = HEP-PH/0302184;%%",
}

@article{Arnold:2001ms,
    author         = "Arnold, Peter Brockway and Moore, Guy D. and Yaffe,
    Laurence G.",
    title          = "{Photon emission from quark gluon plasma: Complete
        leading order results}",
journal        = "JHEP",
volume         = "0112",
pages          = "009",
doi            = "10.1088/1126-6708/2001/12/009",
year           = "2001",
eprint         = "hep-ph/0111107",
archivePrefix  = "arXiv",
primaryClass   = "hep-ph",
reportNumber   = "UW-PT-01-22",
SLACcitation   = "%%CITATION = HEP-PH/0111107;%%",
}

@article{Arnold:2002ja,
    author         = "Arnold, Peter Brockway and Moore, Guy D. and Yaffe,
    Laurence G.",
    title          = "{Photon and gluon emission in relativistic plasmas}",
    journal        = "JHEP",
    volume         = "0206",
    pages          = "030",
    doi            = "10.1088/1126-6708/2002/06/030",
    year           = "2002",
    eprint         = "hep-ph/0204343",
    archivePrefix  = "arXiv",
    primaryClass   = "hep-ph",
    reportNumber   = "UW-PT-02-06",
    SLACcitation   = "%%CITATION = HEP-PH/0204343;%%",
}

@article{Gyulassy:2000er,
    author         = "Gyulassy, M. and Levai, P. and Vitev, I.",
    title          = "{Reaction operator approach to nonAbelian energy loss}",
    journal        = "Nucl.Phys.",
    volume         = "B594",
    pages          = "371-419",
    doi            = "10.1016/S0550-3213(00)00652-0",
    year           = "2001",
    eprint         = "nucl-th/0006010",
    archivePrefix  = "arXiv",
    primaryClass   = "nucl-th",
    reportNumber   = "CU-TP-979",
    SLACcitation   = "%%CITATION = NUCL-TH/0006010;%%",
}

@article{Gyulassy:1999zd,
    author         = "Gyulassy, Miklos and Levai, Peter and Vitev, Ivan",
    title          = "{Jet quenching in thin quark gluon plasmas. 1.
        Formalism}",
journal        = "Nucl.Phys.",
volume         = "B571",
pages          = "197-233",
doi            = "10.1016/S0550-3213(99)00713-0",
year           = "2000",
eprint         = "hep-ph/9907461",
archivePrefix  = "arXiv",
primaryClass   = "hep-ph",
SLACcitation   = "%%CITATION = HEP-PH/9907461;%%",
}

@article{Wicks:2005gt,
    author         = "Wicks, Simon and Horowitz, William and Djordjevic, Magdalena and Gyulassy, Miklos",
    title          = "{Elastic, inelastic, and path length fluctuations in jet tomography}",
    journal        = "Nucl.Phys.",
    volume         = "A784",
    pages          = "426-442",
    doi            = "10.1016/j.nuclphysa.2006.12.048",
    year           = "2007",
    eprint         = "nucl-th/0512076",
    archivePrefix  = "arXiv",
    primaryClass   = "nucl-th",
    SLACcitation   = "%%CITATION = NUCL-TH/0512076;%%",
}

@article{Wiedemann:2000za,
    author         = "Wiedemann, Urs Achim",
    title          = "{Gluon radiation off hard quarks in a nuclear
        environment: Opacity expansion}",
journal        = "Nucl.Phys.",
volume         = "B588",
pages          = "303-344",
doi            = "10.1016/S0550-3213(00)00457-0",
year           = "2000",
eprint         = "hep-ph/0005129",
archivePrefix  = "arXiv",
primaryClass   = "hep-ph",
SLACcitation   = "%%CITATION = HEP-PH/0005129;%%",
}

@article{Wang:2001ifa,
    author         = "Wang, Xin-Nian and Guo, Xiao-feng",
    title          = "{Multiple parton scattering in nuclei: Parton energy
        loss}",
journal        = "Nucl.Phys.",
volume         = "A696",
pages          = "788-832",
doi            = "10.1016/S0375-9474(01)01130-7",
year           = "2001",
eprint         = "hep-ph/0102230",
archivePrefix  = "arXiv",
primaryClass   = "hep-ph",
reportNumber   = "LBNL-47155",
SLACcitation   = "%%CITATION = HEP-PH/0102230;%%",
}

@article{Majumder:2009zu,
    author         = "Majumder, A.",
    title          = "{The In-medium scale evolution in jet modification}",
    year           = "2009",
    eprint         = "0901.4516",
    archivePrefix  = "arXiv",
    primaryClass   = "nucl-th",
    SLACcitation   = "%%CITATION = ARXIV:0901.4516;%%",
}


@article{PhysRevLett.98.092301,
    title = {Has the QCD Critical Point Been Signaled by Observations at the BNL Relativistic Heavy Ion Collider?},
    author = {Lacey, Roy A. and Ajitanand, N. N. and Alexander, J. M. and Chung, P. and Holzmann, W. G. and Issah, M. and Taranenko, A. and Danielewicz, P. and St\"ocker, Horst},
    journal = {Phys. Rev. Lett.},
    volume = {98},
    issue = {9},
    pages = {092301},
    numpages = {4},
    year = {2007},
    month = {Mar},
    doi = {10.1103/PhysRevLett.98.092301},
    url = {http://link.aps.org/doi/10.1103/PhysRevLett.98.092301},
    publisher = {American Physical Society}
}

@article{gross1973ultraviolet,
    title={Ultraviolet behavior of non-abelian gauge theories},
    author={Gross, David J and Wilczek, Frank},
    journal={Physical Review Letters},
    volume={30},
    number={26},
    pages={1343--1346},
    year={1973}
}

@article{politzer1973reliable,
    title={Reliable perturbative results for strong interactions?},
    author={Politzer, H David},
    journal={Physical Review Letters},
    volume={30},
    number={26},
    pages={1346--1349},
    year={1973}
}

@article{gross1973asymptotically,
    title={Asymptotically free gauge theories. I},
    author={Gross, David J and Wilczek, Frank},
    journal={Physical Review D},
    volume={8},
    number={10},
    pages={3633},
    year={1973},
    publisher={APS}
}

@article{gross1974asymptotically,
    title={Asymptotically free gauge theories. II},
    author={Gross, David J and Wilczek, Frank},
    journal={Physical Review D},
    volume={9},
    number={4},
    pages={980},
    year={1974},
    publisher={APS}
}

@article{georgi1974electroproduction,
    title={Electroproduction scaling in an asymptotically free theory of strong interactions},
    author={Georgi, Howard and Politzer, H David},
    journal={Physical Review D},
    volume={9},
    number={2},
    pages={416},
    year={1974},
    publisher={APS}
}

@article{fritzsch1973advantages,
    title={Advantages of the color octet gluon picture},
    author={Fritzsch, Harald and Gell-Mann, Murray and Leutwyler, Heinrich},
    journal={Physics Letters B},
    volume={47},
    number={4},
    pages={365--368},
    year={1973},
    publisher={Elsevier}
}

@article{25gluons,
    title= "Twenty-five years of gluons",
    author = "Ilka Flegel and Paul S√∂ding",
    journal = "CERN courier",
    year ="2004",
    url = {http://cerncourier.com/cws/article/cern/29201},
}

@article{Brandelik1979243,
    title = "Evidence for planar events in e+e annihilation at high energies ",
    journal = "Physics Letters B ",
    volume = "86",
    number = "2",
    pages = "243 - 249",
    year = "1979",
    note = "",
    issn = "0370-2693",
    doi = "http://dx.doi.org/10.1016/0370-2693(79)90830-X",
    url = "http://www.sciencedirect.com/science/article/pii/037026937990830X",
    author = "R. Brandelik and W. Braunschweig and K. Gather and V. Kadansky and K. L√ºbelsmeyer and P. M√§ttig and H.-U. Martyn and G. Peise and J. Rimkus and H.G. Sander and D. Schmitz and A. Schultz von Dratzig and D. Trines and W. Wallraff and H. Boerner and H.M. Fischer and H. Hartmann and E. Hilger and W. Hillen and G. Knop and W. Korbach and P. Leu and B. L√∂hr and F. Roth and W. R√ºhmer and R. Wedemeyer and N. Wermes and M. Wollstadt and R. B√ºhring and R. Fohrmann and D. Heyland and H. Hultschig and P. Joos and W. Koch and U. K√∂tz and H. Kowalski and A. Ladage and D. L√ºke and H.L. Lynch and G. Mikenberg and D. Notz and J. Pyrlik and R. Riethm√ºller and M. Schliwa and P. Soding and B.H. Wiik and G. Wolf and M. Holder and G. Poelz and J. Ringel and O. R√∂mer and R. R√ºsch and P. Schm√ºser and D.M. Binnie and P.J. Dornan and N.A. Downie and D.A. Garbutt and W.G. Jones and S.L. Lloyd and D. Pandoulas and A. Pevsner and J. Sedgebeer and S. Yarker and C. Youngman and R.J. Barlow and R.J. Cashmore and J. Illingworth and M. Ogg and G.L. Salmon and K.W. Bell and W. Chinowsky and B. Foster and J.C. Hart and J. Proudfoot and D.R. Quarrie and D.H. Saxon and P.L. Woodworth and Y. Eisenberg and U. Karshon and E. Kogan and D. Revel and E. Ronat and A. Shapira and J. Freeman and P. Lecomte and T. Meyer and Lan Wu Sau and G. Zobernig"
}

@article{PhysRev.43.830,
    title = {Successive Approximations by the Rayleigh-Ritz Variation Method},
    author = {MacDonald, J. K. L.},
    journal = {Phys. Rev.},
    volume = {43},
    issue = {10},
    pages = {830--833},
    year = {1933},
    month = {May},
    doi = {10.1103/PhysRev.43.830},
    url = {http://link.aps.org/doi/10.1103/PhysRev.43.830},
    publisher = {American Physical Society}
}

@article{Berger1979418,
    title = "Evidence for gluon bremsstrahlung in e+e annihilations at high energies ",
    journal = "Physics Letters B ",
    volume = "86",
    number = "3‚Äì4",
    pages = "418 - 425",
    year = "1979",
    note = "",
    issn = "0370-2693",
    doi = "http://dx.doi.org/10.1016/0370-2693(79)90869-4",
    url = "http://www.sciencedirect.com/science/article/pii/0370269379908694",
    author = "Ch. Berger and H. Genzel and R. Grigull and W. Lackas and F. Raupach and A. Klovning and E. Lillest√∂l and E. Lillethun and J.A. Skard and H. Ackermann and G. Alexander and F. Barreiro and J. B√ºrger and L. Criegee and H.C. Dehne and R. Devenish and A. Eskreys and G. Fl√ºgge and G. Franke and W. Gabriel and Ch. Gerke and G. Knies and E. Lehmann and H.D. Mertiens and K.H. Pape and H.D. Reich and B. Stella and T.N. Ranga Swamy and U. Timm and W. Wagner and P. Waloschek and G.G. Winter and W. Zimmermann and O. Achterberg and V. Blobel and L. Boesten and H. Kapitza and B. Koppitz and W. L√ºhrsen and R. Maschuw and R. van Staa and H. Spitzer and C.Y. Chang and R.G. Glasser and R.G. Kellogg and K.H. Lau and B. Sechi-Zorn and A. Skuja and G. Welch and G.T. Zorn and A. B√§cker and S. Brandt and K. Derikum and A. Diekmann and C. Grupen and H.J. Meyer and B. Neumann and M. Rost and G. Zech and T. Azemoon and H.J. Daum and H. Meyer and O. Meyer and M. R√∂ssler and D. Schmidt and K. Wacker"
}


@article{Kovtun:2004de,
    author         = "Kovtun, P. and Son, D.T. and Starinets, A.O.",
    title          = "{Viscosity in strongly interacting quantum field theories from black hole physics}",
    journal        = "Phys.Rev.Lett.",
    volume         = "94",
    pages          = "111601",
    doi            = "10.1103/PhysRevLett.94.111601",
    year           = "2005",
    eprint         = "hep-th/0405231",
    archivePrefix  = "arXiv",
    primaryClass   = "hep-th",
    reportNumber   = "INT-PUB-04-09, UW-PT-04-04",
    SLACcitation   = "%%CITATION = HEP-TH/0405231;%%",
}

@article{Biallas1976461,
    title = "Multiplicity distributions in nucleus-nucleus collisions at high energies ",
    journal = "Nuclear Physics B ",
    volume = "111",
    number = "3",
    pages = "461 - 476",
    year = "1976",
    note = "",
    issn = "0550-3213",
    doi = "http://dx.doi.org/10.1016/0550-3213(76)90329-1",
    url = "http://www.sciencedirect.com/science/article/pii/0550321376903291",
    author = "A. Bia≈Ç≈Ças and M. Bleszy≈Ñski and W. Czy≈º"
}


@article{Majumder:2010qh,
    author         = "Majumder, A. and Van Leeuwen, M.",
    title          = "{The Theory and Phenomenology of Perturbative QCD Based Jet Quenching}",
    journal        = "Prog.Part.Nucl.Phys.",
    volume         = "A66",
    pages          = "41-92",
    doi            = "10.1016/j.ppnp.2010.09.001",
    year           = "2011",
    eprint         = "1002.2206",
    archivePrefix  = "arXiv",
    primaryClass   = "hep-ph",
    SLACcitation   = "%%CITATION = ARXIV:1002.2206;%%",
}

@article{Dominguez:2008vd,
    author         = "Dominguez, Fabio and Marquet, C. and Mueller, A.H. and Wu, Bin and Xiao, Bo-Wen",
    title          = "{Comparing energy loss and p-perpendicular - broadening in perturbative QCD with strong coupling N = 4 SYM theory}",
    journal        = "Nucl.Phys.",
    volume         = "A811",
    pages          = "197-222",
    doi            = "10.1016/j.nuclphysa.2008.07.004",
    year           = "2008",
    eprint         = "0803.3234",
    archivePrefix  = "arXiv",
    primaryClass   = "nucl-th",
    SLACcitation   = "%%CITATION = ARXIV:0803.3234;%%",
}


@article{CMS:2012aa,
    author         = "Chatrchyan, Serguei and others",
    title          = "{Study of high-pT charged particle suppression in PbPb
        compared to $pp$ collisions at $\sqrt{s_{NN}}=2.76$ TeV}",
collaboration  = "CMS Collaboration",
journal        = "Eur.Phys.J.",
volume         = "C72",
pages          = "1945",
doi            = "10.1140/epjc/s10052-012-1945-x",
year           = "2012",
eprint         = "1202.2554",
archivePrefix  = "arXiv",
primaryClass   = "nucl-ex",
reportNumber   = "CMS-HIN-10-005, CERN-PH-EP-2012-043",
SLACcitation   = "%%CITATION = ARXIV:1202.2554;%%",
}

@article{Aamodt:2010jd,
    author         = "Aamodt, K. and others",
    title          = "{Suppression of Charged Particle Production at Large
        Transverse Momentum in Central Pb--Pb Collisions at
        $\sqrt{s_{NN}} = 2.76$ TeV}",
collaboration  = "ALICE Collaboration",
journal        = "Phys.Lett.",
volume         = "B696",
pages          = "30-39",
doi            = "10.1016/j.physletb.2010.12.020",
year           = "2011",
eprint         = "1012.1004",
archivePrefix  = "arXiv",
primaryClass   = "nucl-ex",
reportNumber   = "CERN-PH-EP-ALICE-2010-004",
SLACcitation   = "%%CITATION = ARXIV:1012.1004;%%",
}

@article{Aggarwal:2001gn,
    author         = "Aggarwal, M.M. and others",
    title          = "{Transverse mass distributions of neutral pions from
        Pb-208 induced reactions at 158-A-GeV}",
collaboration  = "WA98 Collaboration",
journal        = "Eur.Phys.J.",
volume         = "C23",
pages          = "225-236",
doi            = "10.1007/s100520100886",
year           = "2002",
eprint         = "nucl-ex/0108006",
archivePrefix  = "arXiv",
primaryClass   = "nucl-ex",
SLACcitation   = "%%CITATION = NUCL-EX/0108006;%%",
}

@article{d'Enterria:2004ig,
    author         = "d'Enterria, David G.",
    title          = "{Indications of suppressed high p(T) hadron production in
        nucleus - nucleus collisions at CERN-SPS}",
journal        = "Phys.Lett.",
volume         = "B596",
pages          = "32-43",
doi            = "10.1016/j.physletb.2004.06.071",
year           = "2004",
eprint         = "nucl-ex/0403055",
archivePrefix  = "arXiv",
primaryClass   = "nucl-ex",
SLACcitation   = "%%CITATION = NUCL-EX/0403055;%%",
}

@article{Adare:2008qa,
    author         = "Adare, A. and others",
    title          = "{Suppression pattern of neutral pions at high transverse
        momentum in Au + Au collisions at s(NN)**(1/2) = 200-GeV
        and constraints on medium transport coefficients}",
collaboration  = "PHENIX Collaboration",
journal        = "Phys.Rev.Lett.",
volume         = "101",
pages          = "232301",
doi            = "10.1103/PhysRevLett.101.232301",
year           = "2008",
eprint         = "0801.4020",
archivePrefix  = "arXiv",
primaryClass   = "nucl-ex",
SLACcitation   = "%%CITATION = ARXIV:0801.4020;%%",
}

@article{Adams:2003kv,
    author         = "Adams, J. and others",
    title          = "{Transverse momentum and collision energy dependence of
        high p(T) hadron suppression in Au+Au collisions at
        ultrarelativistic energies}",
collaboration  = "STAR Collaboration",
journal        = "Phys.Rev.Lett.",
volume         = "91",
pages          = "172302",
doi            = "10.1103/PhysRevLett.91.172302",
year           = "2003",
eprint         = "nucl-ex/0305015",
archivePrefix  = "arXiv",
primaryClass   = "nucl-ex",
SLACcitation   = "%%CITATION = NUCL-EX/0305015;%%",
}

@article{Dainese:2004te,
    author         = "Dainese, A. and Loizides, C. and Paic, G.",
    title          = "{Leading-particle suppression in high energy
        nucleus-nucleus collisions}",
journal        = "Eur.Phys.J.",
volume         = "C38",
pages          = "461-474",
doi            = "10.1140/epjc/s2004-02077-x",
year           = "2005",
eprint         = "hep-ph/0406201",
archivePrefix  = "arXiv",
primaryClass   = "hep-ph",
SLACcitation   = "%%CITATION = HEP-PH/0406201;%%",
}

@article{Vitev:2002pf,
    author         = "Vitev, Ivan and Gyulassy, Miklos",
    title          = "{High $p_{T}$ tomography of $d$ + Au and Au+Au at SPS,
    RHIC, and LHC}",
journal        = "Phys.Rev.Lett.",
volume         = "89",
pages          = "252301",
doi            = "10.1103/PhysRevLett.89.252301",
year           = "2002",
eprint         = "hep-ph/0209161",
archivePrefix  = "arXiv",
primaryClass   = "hep-ph",
SLACcitation   = "%%CITATION = HEP-PH/0209161;%%",
}

@article{Vitev:2004bh,
    author         = "Vitev, Ivan",
    title          = "{Jet tomography}",
    journal        = "J.Phys.",
    volume         = "G30",
    pages          = "S791-S800",
    doi            = "10.1088/0954-3899/30/8/019",
    year           = "2004",
    eprint         = "hep-ph/0403089",
    archivePrefix  = "arXiv",
    primaryClass   = "hep-ph",
    SLACcitation   = "%%CITATION = HEP-PH/0403089;%%",
}

@article{Armesto:2005iq,
    author         = "Armesto, Nestor and Dainese, Andrea and Salgado, Carlos
        A. and Wiedemann, Urs Achim",
    title          = "{Testing the color charge and mass dependence of parton
        energy loss with heavy-to-light ratios at RHIC and CERN
        LHC}",
journal        = "Phys.Rev.",
volume         = "D71",
pages          = "054027",
doi            = "10.1103/PhysRevD.71.054027",
year           = "2005",
eprint         = "hep-ph/0501225",
archivePrefix  = "arXiv",
primaryClass   = "hep-ph",
reportNumber   = "CERN-PH-TH-2005-008",
SLACcitation   = "%%CITATION = HEP-PH/0501225;%%",
}

@article{Renk:2011gj,
    author         = "Renk, Thorsten and Holopainen, Hannu and Paatelainen,
    Risto and Eskola, Kari J.",
    title          = "{Systematics of the charged-hadron $p_T$ spectrum and the
        nuclear suppression factor in heavy-ion collisions from
        $\sqrt{s}=200$ GeV to $\sqrt{s}=2.76$ TeV}",
journal        = "Phys.Rev.",
volume         = "C84",
pages          = "014906",
doi            = "10.1103/PhysRevC.84.014906",
year           = "2011",
eprint         = "1103.5308",
archivePrefix  = "arXiv",
primaryClass   = "hep-ph",
SLACcitation   = "%%CITATION = ARXIV:1103.5308;%%",
}


@article{Schenke:2011tv,
    author         = "Schenke, Bjoern and Jeon, Sangyong and Gale, Charles",
    title          = "{Anisotropic flow in $\sqrt{s}=2.76$ TeV Pb+Pb collisions
        at the LHC}",
journal        = "Phys.Lett.",
volume         = "B702",
pages          = "59-63",
doi            = "10.1016/j.physletb.2011.06.065",
year           = "2011",
eprint         = "1102.0575",
archivePrefix  = "arXiv",
primaryClass   = "hep-ph",
SLACcitation   = "%%CITATION = ARXIV:1102.0575;%%",
}

@article{PhysRevC.80.054907,
    title = {High-${p}_{T}$\hskip0.3em${}{$\pi${}}^{0}$ production with respect to the reaction plane in $\mathrm{Au}+\mathrm{Au}$ collisions at $\sqrt{{s}_{\mathit{NN}}}=200$ GeV},
    author = {Afanasiev, S. and others},
    collaboration = {PHENIX Collaboration},
    journal = {Phys. Rev. C},
    volume = {80},
    issue = {5},
    pages = {054907},
    numpages = {29},
    year = {2009},
    month = {Nov},
    doi = {10.1103/PhysRevC.80.054907},
    url = {http://link.aps.org/doi/10.1103/PhysRevC.80.054907},
    publisher = {American Physical Society}
}

@article{Voloshin:2007pc,
    author         = "Voloshin, Sergei A. and Poskanzer, Arthur M. and Tang, Aihong and Wang, Gang",
    title          = "{Elliptic flow in the Gaussian model of eccentricity fluctuations}",
    journal        = "Phys.Lett.",
    volume         = "B659",
    pages          = "537-541",
    doi            = "10.1016/j.physletb.2007.11.043",
    year           = "2008",
    eprint         = "0708.0800",
    archivePrefix  = "arXiv",
    primaryClass   = "nucl-th",
    SLACcitation   = "%%CITATION = ARXIV:0708.0800;%%",
}

@article{Alver:2008zza,
    author         = "Alver, B. and Back, B.B. and Baker, M.D. and Ballintijn,
    M. and Barton, D.S. and others",
    title          = "{Importance of correlations and fluctuations on the
        initial source eccentricity in high-energy nucleus-nucleus
        collisions}",
journal        = "Phys.Rev.",
volume         = "C77",
pages          = "014906",
doi            = "10.1103/PhysRevC.77.014906",
year           = "2008",
eprint         = "0711.3724",
archivePrefix  = "arXiv",
primaryClass   = "nucl-ex",
SLACcitation   = "%%CITATION = ARXIV:0711.3724;%%",
}

@article{Alford:2007xm,
    author         = "Alford, Mark G. and Schmitt, Andreas and Rajagopal,
    Krishna and Sch√§fer, Thomas",
    title          = "{Color superconductivity in dense quark matter}",
    journal        = "Rev.Mod.Phys.",
    volume         = "80",
    pages          = "1455-1515",
    doi            = "10.1103/RevModPhys.80.1455",
    year           = "2008",
    eprint         = "0709.4635",
    archivePrefix  = "arXiv",
    primaryClass   = "hep-ph",
    reportNumber   = "MIT-CTP-3861",
    SLACcitation   = "%%CITATION = ARXIV:0709.4635;%%",
}

@article{Rajagopal:2001,
    author = "Krishna Rajagopal",
    title = "Free the Quarks",
    journal = "SLAC Beam Line",
    volume = "31-2",
    pages  = "9-15",
    year= "2001",
}

@article{pythia,
    author         = "Sjostrand, Torbjorn and Mrenna, Stephen and Skands, Peter
        Z.",
    title          = "{A Brief Introduction to PYTHIA 8.1}",
    journal        = "Comput.Phys.Commun.",
    volume         = "178",
    pages          = "852-867",
    doi            = "10.1016/j.cpc.2008.01.036",
    year           = "2008",
    eprint         = "0710.3820",
    archivePrefix  = "arXiv",
    primaryClass   = "hep-ph",
    reportNumber   = "CERN-LCGAPP-2007-04, LU-TP-07-28,
    FERMILAB-PUB-07-512-CD-T",
    SLACcitation   = "%%CITATION = ARXIV:0710.3820;%%",
}

@article{Lokhtin:2005px,
    author         = "Lokhtin, I.P. and Snigirev, A.M.",
    title          = "{A Model of jet quenching in ultrarelativistic heavy ion
        collisions and high-p(T) hadron spectra at RHIC}",
journal        = "Eur.Phys.J.",
volume         = "C45",
pages          = "211-217",
doi            = "10.1140/epjc/s2005-02426-3",
year           = "2006",
eprint         = "hep-ph/0506189",
archivePrefix  = "arXiv",
primaryClass   = "hep-ph",
SLACcitation   = "%%CITATION = HEP-PH/0506189;%%",
}

@article{Armesto:2009zc,
    author         = "Armesto, Nestor and Cunqueiro, Leticia and Salgado,
    Carlos A.",
    title          = "{Monte Carlo for Jet Showers in the Medium}",
    journal        = "Nucl.Phys.",
    volume         = "A830",
    pages          = "271C-274C",
    doi            = "10.1016/j.nuclphysa.2009.10.098",
    year           = "2009",
    eprint         = "0907.4706",
    archivePrefix  = "arXiv",
    primaryClass   = "hep-ph",
    SLACcitation   = "%%CITATION = ARXIV:0907.4706;%%",
}

@article{Zapp:2008gi,
    author         = "Zapp, Korinna and Ingelman, Gunnar and Rathsman, Johan
        and Stachel, Johanna and Wiedemann, Urs Achim",
    title          = "{A Monte Carlo Model for 'Jet Quenching'}",
    journal        = "Eur.Phys.J.",
    volume         = "C60",
    pages          = "617-632",
    doi            = "10.1140/epjc/s10052-009-0941-2",
    year           = "2009",
    eprint         = "0804.3568",
    archivePrefix  = "arXiv",
    primaryClass   = "hep-ph",
    reportNumber   = "CERN-PH-TH-2008-067",
    SLACcitation   = "%%CITATION = ARXIV:0804.3568;%%",
}

@article{Renk:2009nz,
    author         = "Renk, Thorsten",
    title          = "{A Comparison study of medium-modified QCD shower
        evolution scenarios}",
journal        = "Phys.Rev.",
volume         = "C79",
pages          = "054906",
doi            = "10.1103/PhysRevC.79.054906",
year           = "2009",
eprint         = "0901.2818",
archivePrefix  = "arXiv",
primaryClass   = "hep-ph",
SLACcitation   = "%%CITATION = ARXIV:0901.2818;%%",
}

@article{Abelev:2013vea,
    author         = "Abelev, Betty and others",
    title          = "{Centrality dependence of $\pi$, K, p production in Pb-Pb
        collisions at $\sqrt{s_{NN}}$ = 2.76 TeV}",
collaboration  = "ALICE Collaboration",
journal        = "Phys.Rev.",
volume         = "C88",
pages          = "044910",
doi            = "10.1103/PhysRevC.88.044910",
year           = "2013",
eprint         = "1303.0737",
archivePrefix  = "arXiv",
primaryClass   = "hep-ex",
reportNumber   = "CERN-PH-EP-2013-019",
SLACcitation   = "%%CITATION = ARXIV:1303.0737;%%",
}

@book{Lofgren_1975, 
    title={ACCELERATOR DIVISION ANNUAL REPORTS, 1 JULY 1972 12/31/1974}, 
    url={http://www.osti.gov/scitech/servlets/purl/937059}, DOI={10.2172/937059}, 
        author={Lofgren, E.J.}, 
    year={1975}, 
    month={Oct}}
    }

@inproceedings{Barton:1987,
    author ="D. S. Barton",
    title = "Heavy Ion Program at BNL: AGS, RHIC",
    booktitle = "Proc. 1987 Particle Accelerator Conference, Washington, D.C., March, 1987",
    year = "1987"
}

@article{PhysRevC.84.064905,
    title = {Blast-wave model with two freeze-out temperatures for hadrons produced in relativistic heavy-ion collisions},
    author = {Choi, Suk and Lee, Kang Seog},
    journal = {Phys. Rev. C},
    volume = {84},
    issue = {6},
    pages = {064905},
    numpages = {5},
    year = {2011},
    month = {Dec},
    doi = {10.1103/PhysRevC.84.064905},
    url = {http://link.aps.org/doi/10.1103/PhysRevC.84.064905},
    publisher = {American Physical Society}
}

@article{Krolikowski:1974jx,
    author         = "Krolikowski, W.",
    title          = "{Vector Gluon Dominance and Rising Drell Ratio for e- e+
        Annihilation}",
journal        = "Nuovo Cim.",
volume         = "A27",
pages          = "194",
doi            = "10.1007/BF02800108",
year           = "1975",
reportNumber   = "Print-74-1595 (TRIER-KAISERSLAUTERN)",
SLACcitation   = "%%CITATION = NUCIA,A27,194;%%",
}

@article{Grebieszkow:2013nza,
    author         = "Grebieszkow, Katarzyna",
    title          = "{Highlights from the NA61/SHINE experiment at the CERN SPS}",
    collaboration  = "NA61/SHINE",
    journal        = "PoS",
    volume         = "CPOD2013",
    pages          = "004",
    year           = "2013",
    SLACcitation   = "%%CITATION = POSCI,CPOD2013,004;%%",
}

@inproceedings{kovalenko1994status,
    author={Kovalenko, AD and Baldin, AM and Malakhov, AI and others},
    title={Status of the Nuclotron},
    booktitle={Proceedings of EPAC},
    year={1994},
    volume={94},
    pages={161--164}
}


@article{Adare:2008ae,
    author         = "Adare, A. and others",
    title          = "{Dihadron azimuthal correlations in Au+Au collisions at s(NN)**(1/2) = 200-GeV}",
    collaboration  = "PHENIX Collaboration",
    journal        = "Phys.Rev.",
    volume         = "C78",
    pages          = "014901",
    doi            = "10.1103/PhysRevC.78.014901",
    year           = "2008",
    eprint         = "0801.4545",
    archivePrefix  = "arXiv",
    primaryClass   = "nucl-ex",
    SLACcitation   = "%%CITATION = ARXIV:0801.4545;%%",
}

@article{Aamodt2012249,
    title = "Harmonic decomposition of two particle angular correlations in Pb‚ÄìPb collisions at ",
    journal = "Physics Letters B ",
    volume = "708",
    number = "3‚Äì5",
    pages = "249 - 264",
    year = "2012",
    note = "",
    issn = "0370-2693",
    doi = "http://dx.doi.org/10.1016/j.physletb.2012.01.060",
    url = "http://www.sciencedirect.com/science/article/pii/S0370269312001013",
    author = "K. Aamodt and B. Abelev and A. Abrahantes Quintana and D. Adamov√° and A.M. Adare and M.M. Aggarwal and G. Aglieri Rinella and A.G. Agocs and A. Agostinelli and S. Aguilar Salazar and Z. Ahammed and N. Ahmad and A. Ahmad Masoodi and S.U. Ahn and A. Akindinov and D. Aleksandrov and B. Alessandro and R. Alfaro Molina",
}


@article{PhysRevC.86.014907,
    title = {Measurement of the azimuthal anisotropy for charged particle production in $\sqrt{{s}_{NN}}=2.76$ TeV lead-lead collisions with the ATLAS detector},
    author = {Aad, G. and Abbott, B. and Abdallah, J. and Abdel Khalek, S. and Abdelalim, A. A. and Abdesselam, A. and Abdinov, O. and Abi, B. and Abolins, M. and AbouZeid, O. S. and Abramowicz, H. and Abreu, H. and Acerbi, E. and Acharya, B. S. and Adamczyk, L. and Adams, D. L. and Addy, T. N. and Adelman, J. and Aderholz, M. and Adomeit, S. and Adragna, P. and Adye, T. and Aefsky, S. and Aguilar-Saavedra, J. A. and Aharrouche, M. and Ahlen, S. P. and Ahles, F. and Ahmad, A. and Ahsan, M. and Aielli, G. and Akdogan, T. and \AA{}kesson, T. P. A. and Akimoto, G. and Akimov, A. V.},
    collaboration = {ATLAS Collaboration},
    journal = {Phys. Rev. C},
    volume = {86},
    issue = {1},
    pages = {014907},
    numpages = {41},
    year = {2012},
    month = {Jul},
    doi = {10.1103/PhysRevC.86.014907},
    url = {http://link.aps.org/doi/10.1103/PhysRevC.86.014907},
    publisher = {American Physical Society}
}

@article{Ollitrault:2007du,
    author         = "Ollitrault, Jean-Yves",
    title          = "{Relativistic hydrodynamics for heavy-ion collisions}",
    journal        = "Eur.J.Phys.",
    volume         = "29",
    pages          = "275-302",
    doi            = "10.1088/0143-0807/29/2/010",
    year           = "2008",
    eprint         = "0708.2433",
    archivePrefix  = "arXiv",
    primaryClass   = "nucl-th",
    SLACcitation   = "%%CITATION = ARXIV:0708.2433;%%",
}

@article{Landau:1953gs,
    author = "Landau LD",
    year = "1953",
    title = "On the multiparticle production in high-energy collisions",
    journal ="Izv. Akad. Nauk Ser. Fiz.",
    volume = "17",
    pages ="51"
}

@article{Peeters:2007ab,
    author         = "Peeters, Kasper and Zamaklar, Marija",
    title          = "{The String/gauge theory correspondence in QCD}",
    journal        = "Eur.Phys.J.ST",
    volume         = "152",
    pages          = "113-138",
    doi            = "10.1140/epjst/e2007-00379-0",
    year           = "2007",
    eprint         = "0708.1502",
    archivePrefix  = "arXiv",
    primaryClass   = "hep-ph",
    reportNumber   = "SPIN-07-23, ITP-UU-07-34, DCPT-07-39",
    SLACcitation   = "%%CITATION = ARXIV:0708.1502;%%",
}

@article{Kim:2002uz,
    author         = "Kim, Yoon-bai and Oh, Chae Young and Park, Namil",
    title          = "{Classical geometry of de Sitter space-time: An Introductory review}",
    year           = "2002",
    eprint         = "hep-th/0212326",
    archivePrefix  = "arXiv",
    primaryClass   = "hep-th",
    SLACcitation   = "%%CITATION = HEP-TH/0212326;%%",
}

@article{Teaney:2009qa,
    author         = "Teaney, Derek A.",
    title          = "{Viscous Hydrodynamics and the Quark Gluon Plasma}",
    year           = "2009",
    eprint         = "0905.2433",
    archivePrefix  = "arXiv",
    primaryClass   = "nucl-th",
    SLACcitation   = "%%CITATION = ARXIV:0905.2433;%%",
}

@article{Afanasiev:2009aa,
    author         = "Afanasiev, S. and others",
    title          = "{High-pT pi0 Production with Respect to the Reaction Plane in Au + Au Collisions at s(NN)**(1/2) = 200-GeV}",
    collaboration  = "PHENIX Collaboration",
    journal        = "Phys.Rev.",
    volume         = "C80",
    pages          = "054907",
    doi            = "10.1103/PhysRevC.80.054907",
    year           = "2009",
    eprint         = "0903.4886",
    archivePrefix  = "arXiv",
    primaryClass   = "nucl-ex",
    SLACcitation   = "%%CITATION = ARXIV:0903.4886;%%",
}

@article{Mishra:2007tw,
    author         = "Mishra, Ananta P. and Mohapatra, Ranjita K. and Saumia,
    P.S. and Srivastava, Ajit M.",
    title          = "{Super-horizon fluctuations and acoustic oscillations in
        relativistic heavy-ion collisions}",
journal        = "Phys.Rev.",
volume         = "C77",
pages          = "064902",
doi            = "10.1103/PhysRevC.77.064902",
year           = "2008",
eprint         = "0711.1323",
archivePrefix  = "arXiv",
primaryClass   = "hep-ph",
SLACcitation   = "%%CITATION = ARXIV:0711.1323;%%",
}


@article{Mocsy:2010um,
    author         = "Mocsy, Agnes and Sorensen, Paul",
    title          = "{The Sound of the Little Bangs}",
    year           = "2010",
    eprint         = "1008.3381",
    archivePrefix  = "arXiv",
    primaryClass   = "hep-ph",
    SLACcitation   = "%%CITATION = ARXIV:1008.3381;%%",
}

@article{Xu:2011fe,
    author         = "Xu, Jun and Ko, Che Ming",
    title          = "{Triangular flow in heavy ion collisions in a multiphase
        transport model}",
journal        = "Phys.Rev.",
volume         = "C84",
pages          = "014903",
doi            = "10.1103/PhysRevC.84.014903",
year           = "2011",
eprint         = "1103.5187",
archivePrefix  = "arXiv",
primaryClass   = "nucl-th",
SLACcitation   = "%%CITATION = ARXIV:1103.5187;%%",
}

@article{Alver:2010gr,
    author         = "Alver, B. and Roland, G.",
    title          = "{Collision geometry fluctuations and triangular flow in
        heavy-ion collisions}",
journal        = "Phys.Rev.",
volume         = "C81",
pages          = "054905",
doi            = "10.1103/PhysRevC.82.039903, 10.1103/PhysRevC.81.054905",
year           = "2010",
eprint         = "1003.0194",
archivePrefix  = "arXiv",
primaryClass   = "nucl-th",
SLACcitation   = "%%CITATION = ARXIV:1003.0194;%%",
}

@article{Maldacena:1997re,
    author         = "Maldacena, Juan Martin",
    title          = "{The Large N limit of superconformal field theories and
        supergravity}",
journal        = "Adv.Theor.Math.Phys.",
volume         = "2",
pages          = "231-252",
year           = "1998",
eprint         = "hep-th/9711200",
archivePrefix  = "arXiv",
primaryClass   = "hep-th",
reportNumber   = "HUTP-97-A097",
SLACcitation   = "%%CITATION = HEP-TH/9711200;%%",
}

@article{Collins:1989gx,
    author         = "Collins, John C. and Soper, Davison E. and Sterman,
    George F.",
    title          = "{Factorization of Hard Processes in QCD}",
    journal        = "Adv.Ser.Direct.High Energy Phys.",
    volume         = "5",
    pages          = "1-91",
    year           = "1988",
    eprint         = "hep-ph/0409313",
    archivePrefix  = "arXiv",
    primaryClass   = "hep-ph",
    reportNumber   = "ITP-SB-89-31",
    SLACcitation   = "%%CITATION = HEP-PH/0409313;%%",
}

@article{Gupta:1997nd,
  author         = "Gupta, Rajan",
  title          = "{Introduction to lattice QCD: Course}",
  pages          = "83-219",
  year           = "1997",
  eprint         = "hep-lat/9807028",
  archivePrefix  = "arXiv",
  primaryClass   = "hep-lat",
  reportNumber   = "LA-UR-98-3271",
  SLACcitation   = "%%CITATION = HEP-LAT/9807028;%%",
}

@article{Karsch:2001cy,
  author         = "Karsch, Frithjof",
  title          = "{Lattice QCD at high temperature and density}",
  journal        = "Lect.Notes Phys.",
  volume         = "583",
  pages          = "209-249",
  year           = "2002",
  eprint         = "hep-lat/0106019",
  archivePrefix  = "arXiv",
  primaryClass   = "hep-lat",
  reportNumber   = "BI-TP-2001-10",
  SLACcitation   = "%%CITATION = HEP-LAT/0106019;%%",
}
