@article{nmlla,
      author = {Pérez-Ramos, Redamy and Arleo, Francois and Machet, Bruno},
      year = {2008},
      month = {07},
      pages = {014019-014019},
      title = {Next-to-modified leading logarithmic approximation corrections to single inclusive $k_T$ distributions and two-particle correlations in a jet},
      volume = {78},
      journal = {Physical Review D - PHYS REV D},
      doi = {10.1103/PHYSREVD.78.014019}
}


@article{Gieseke:2003rz,
      author         = "Gieseke, Stefan and Stephens, P. and Webber, Bryan",
      title          = "{New formalism for QCD parton showers}",
      journal        = "JHEP",
      volume         = "12",
      year           = "2003",
      pages          = "045",
      doi            = "10.1088/1126-6708/2003/12/045",
      eprint         = "hep-ph/0310083",
      archivePrefix  = "arXiv",
      primaryClass   = "hep-ph",
      reportNumber   = "CAVENDISH-HEP-03-18, CERN-TH-2003-239",
      SLACcitation   = "%%CITATION = HEP-PH/0310083;%%"
}

@article{cdfpaper,
      author         = "Aaltonen, T. and others",
      title          = "{Measurement of the $k_T$ Distribution of Particles in
                        Jets Produced in $p\bar{p}$ Collisions at
                        $\sqrt{s}=1.96$-TeV}",
      collaboration  = "CDF",
      journal        = "Phys. Rev. Lett.",
      volume         = "102",
      year           = "2009",
      pages          = "232002",
      doi            = "10.1103/PhysRevLett.102.232002",
      eprint         = "0811.2820",
      archivePrefix  = "arXiv",
      primaryClass   = "hep-ex",
      reportNumber   = "FERMILAB-PUB-08-525-E",
      SLACcitation   = "%%CITATION = ARXIV:0811.2820;%%"
}

@article{antikt,
      author         = "Cacciari, Matteo and Salam, Gavin P. and Soyez, Gregory",
      title          = "{The anti-$k_t$ jet clustering algorithm}",
      journal        = "JHEP",
      volume         = "04",
      year           = "2008",
      pages          = "063",
      doi            = "10.1088/1126-6708/2008/04/063",
      eprint         = "0802.1189",
      archivePrefix  = "arXiv",
      primaryClass   = "hep-ph",
      reportNumber   = "LPTHE-07-03",
      SLACcitation   = "%%CITATION = ARXIV:0802.1189;%%"
}

@article{lundString,
        Author = {Andersson, Bo and Gustafson, G. and Ingelman, G. and Sj{\"o}strand, T.},
        Doi = {10.1016/0370-1573(83)90080-7},
        Journal = {Phys.Rept.},
        Owner = {jviinika},
        Pages = {31--145},
        Reportnumber = {LU-TP-83-10},
        Slaccitation = {%%CITATION = PRPLC,97,31;%%},
        Title = {{Parton Fragmentation and String Dynamics}},
        Volume = {97},
        Year = {1983},
        Bdsk-Url-1 = {http://dx.doi.org/10.1016/0370-1573(83)90080-7}}

@article{atlaksenJetit,
      author         = "Angerami, Aaron",
      title          = "{Measurement of Jets and Jet Suppression in
                        $\sqrt{s_{NN}}=2.76$ TeV Lead-Lead Collisions with the
                        ATLAS detector at the LHC}",
      booktitle      = "{Quark matter. Proceedings, 22nd International Conference
                        on Ultra-Relativistic Nucleus-Nucleus Collisions, Quark
                        Matter 2011, Annecy, France, May 23-28, 2011}",
      collaboration  = "ATLAS",
      journal        = "J. Phys.",
      volume         = "G38",
      year           = "2011",
      pages          = "124085",
      doi            = "10.1088/0954-3899/38/12/124085",
      eprint         = "1108.5191",
      archivePrefix  = "arXiv",
      primaryClass   = "nucl-ex",
      SLACcitation   = "%%CITATION = ARXIV:1108.5191;%%"
}

@article{cnmEffect,
      author         = "Accardi, Alberto",
      title          = "{Final state interactions and hadron quenching in cold
                        nuclear matter}",
      journal        = "Phys. Rev.",
      volume         = "C76",
      year           = "2007",
      pages          = "034902",
      doi            = "10.1103/PhysRevC.76.034902",
      eprint         = "0706.3227",
      archivePrefix  = "arXiv",
      primaryClass   = "nucl-th",
      SLACcitation   = "%%CITATION = ARXIV:0706.3227;%%"
}

@article{thorstenBiasProceedings,
      author         = "Renk, Thorsten",
      title          = "{Jet correlations — opportunities and pitfalls}",
      booktitle      = "{Proceedings, 6th International Conference on Hard and
                        Electromagnetic Probes of High-Energy Nuclear Collisions
                        (Hard Probes 2013): Cape Town, South Africa, November 4-8,
                        2013}",
      journal        = "Nucl. Phys.",
      volume         = "A932",
      year           = "2014",
      pages          = "334-341",
      doi            = "10.1016/j.nuclphysa.2014.09.066",
      eprint         = "1404.0793",
      archivePrefix  = "arXiv",
      primaryClass   = "hep-ph",
      SLACcitation   = "%%CITATION = ARXIV:1404.0793;%%"
}

@article{Renk:2011wp,
      author         = "Renk, Thorsten and Eskola, Kari J.",
      title          = "{Hard dihadron correlations in heavy-ion collisions at
                        RHIC and LHC}",
      journal        = "Phys. Rev.",
      volume         = "C84",
      year           = "2011",
      pages          = "054913",
      doi            = "10.1103/PhysRevC.84.054913",
      eprint         = "1106.1740",
      archivePrefix  = "arXiv",
      primaryClass   = "hep-ph",
      SLACcitation   = "%%CITATION = ARXIV:1106.1740;%%"
}

@article{jetBroadeningPpb1,
      author         = "Baier, R. and Dokshitzer, Yuri L. and Mueller, Alfred H.
                        and Peigne, S. and Schiff, D.",
      title          = "{Radiative energy loss and p(T) broadening of high-energy
                        partons in nuclei}",
      journal        = "Nucl. Phys.",
      volume         = "B484",
      year           = "1997",
      pages          = "265-282",
      doi            = "10.1016/S0550-3213(96)00581-0",
      eprint         = "hep-ph/9608322",
      archivePrefix  = "arXiv",
      primaryClass   = "hep-ph",
      reportNumber   = "CU-TP-760, BI-TP-96-26, LPTHE-ORSAY-96-61",
      SLACcitation   = "%%CITATION = HEP-PH/9608322;%%"
}
@article{jetBroadeningAA,
      author         = "Salgado, Carlos A. and Wiedemann, Urs Achim",
      title          = "{Medium modification of jet shapes and jet
                        multiplicities}",
      journal        = "Phys. Rev. Lett.",
      volume         = "93",
      year           = "2004",
      pages          = "042301",
      doi            = "10.1103/PhysRevLett.93.042301",
      eprint         = "hep-ph/0310079",
      archivePrefix  = "arXiv",
      primaryClass   = "hep-ph",
      reportNumber   = "CERN-TH-2003-244",
      SLACcitation   = "%%CITATION = HEP-PH/0310079;%%"
}

@article{antiangularOrdering,
      author         = "Mehtar-Tani, Yacine and Salgado, Carlos A. and Tywoniuk,
                        Konrad",
      title          = "{Anti-angular ordering of gluon radiation in QCD media}",
      journal        = "Phys. Rev. Lett.",
      volume         = "106",
      year           = "2011",
      pages          = "122002",
      doi            = "10.1103/PhysRevLett.106.122002",
      eprint         = "1009.2965",
      archivePrefix  = "arXiv",
      primaryClass   = "hep-ph",
      SLACcitation   = "%%CITATION = ARXIV:1009.2965;%%"
}

@article{jetShapeQGP,
      author         = "Chien, Yang-Ting and Vitev, Ivan",
      title          = "{Towards the understanding of jet shapes and cross
                        sections in heavy ion collisions using soft-collinear
                        effective theory}",
      journal        = "JHEP",
      volume         = "05",
      year           = "2016",
      pages          = "023",
      doi            = "10.1007/JHEP05(2016)023",
      eprint         = "1509.07257",
      archivePrefix  = "arXiv",
      primaryClass   = "hep-ph",
      SLACcitation   = "%%CITATION = ARXIV:1509.07257;%%"
}
@article{protonNucleusOpportunities,
      author         = "Salgado, C. A. and others",
      title          = "{Proton-Nucleus Collisions at the LHC: Scientific
                        Opportunities and Requirements}",
      journal        = "J. Phys.",
      volume         = "G39",
      year           = "2012",
      pages          = "015010",
      doi            = "10.1088/0954-3899/39/1/015010",
      eprint         = "1105.3919",
      archivePrefix  = "arXiv",
      primaryClass   = "hep-ph",
      reportNumber   = "CERN-PH-TH-2011-119, LHC-PROJECT-REPORT-1181,
                        FERMILAB-PUB-11-841-T",
      SLACcitation   = "%%CITATION = ARXIV:1105.3919;%%"
}
